2896 4808
522 357 732 411 Priscilliani
755 360 919 412 tractatus
938 357 970 412 V.
1276 342 1317 405 63

174 517 284 597 utqui
308 517 392 580 uitae
416 517 482 580 cius
507 514 647 602 insildias
671 518 836 580 tenderent
859 516 897 580 ab
922 517 970 580 his
988 516 1180 580 educationis
1197 516 1320 580 blandi-

175 624 283 684 menta
306 621 437 684 sentiret
468 625 499 684 et
522 624 632 703 postea
661 639 839 704 percusso
867 620 1038 704 Aegypto
1070 624 1101 684 et
1124 621 1173 684 dei
1203 621 1317 703 populo

174 723 306 789 liberato
330 725 492 808 signorum
515 726 598 808 prior
613 726 731 789 faceret
754 726 914 789 exordium
938 727 970 788 et
993 725 1148 789 consortio
1172 743 1244 788 cum
1261 724 1317 787 deo

175 830 280 893 iuncto
297 830 474 894 diuinorum
493 833 732 913 praeceptorum
756 830 957 894 incrementis
975 830 1112 894 nutritus
1128 829 1317 912 principium

148 934 263 998 odaret
286 936 407 1015 canoni,
432 936 520 998 cuius
544 935 576 999 in
600 954 633 999 se
653 935 884 1017 plenitudinem
908 935 946 998 ad
969 935 1188 999 testimonium
1210 937 1317 1017 protu-

175 1039 264 1119 lerat,
295 1039 404 1103 scribti
435 1038 540 1103 uerbis
572 1040 693 1104 scilicet
723 1040 855 1104 edocens
880 1043 911 1103 et
942 1058 1019 1122 opus
1043 1040 1132 1103 uerbi
1162 1040 1317 1103 factorum

175 1143 319 1226 operibus
351 1145 533 1219 ostendens3
566 1145 611 1207 sic
642 1145 776 1225 denique
808 1148 839 1208 et
869 1145 906 1207 de
940 1162 975 1208 eo
999 1143 1152 1208 scribtum
1184 1148 1246 1208 est:
1282 1147 1318 1206 et

174 1248 323 1312 locutus
348 1252 405 1312 est
428 1250 599 1313 dominus
623 1249 666 1312 ad
682 1249 837 1332 Moysen
860 1249 977 1313 facies
1001 1250 1044 1312 ad
1069 1250 1204 1312 faciem
1227 1252 1317 1312 tam-

175 1371 281 1433 quam
297 1355 360 1436 qui
382 1355 552 1436 loquitur
567 1352 575 1440 11
591 1355 633 1417 ad
658 1354 816 1417 amicum
841 1373 955 1418 suum.
985 1354 1104 1417 Uidens
1122 1372 1194 1437 ergo
1210 1354 1317 1417 futura
1341 1362 1379 1415 83

134 1479 161 1518 ιο
174 1457 403 1522 haereticorum
434 1459 582 1542 dogmata
612 1461 644 1522 et
671 1459 796 1522 diuersa
825 1459 952 1542 ingenia
975 1459 1203 1540 disputantum,
1235 1458 1317 1539 quod

176 1562 228 1625 alii
252 1567 359 1627 amant
382 1582 444 1627 non
468 1564 587 1627 lactum
612 1564 665 1626 sed
688 1567 876 1645 perpetuum
899 1564 996 1626 luisse
1020 1563 1174 1626 mundum
1198 1566 1230 1626 et
1249 1562 1317 1625 ideo

175 1667 263 1730 cuius
287 1687 349 1732 non
373 1669 414 1732 sit
446 1669 572 1732 initium
596 1669 737 1731 futurum
760 1687 884 1751 semper
906 1671 1082 1747 aeternum,
1113 1668 1166 1731 alii
1190 1667 1317 1731 sibimet

174 1773 235 1854 ipsi
257 1773 290 1836 iu
313 1773 530 1854 uoluptatibus
546 1772 756 1852 blandientes,
781 1773 856 1835 dum
879 1791 971 1836 omne
995 1773 1077 1854 quod
1100 1775 1231 1854 peccant
1254 1790 1316 1836 non

175 1875 236 1939 sibi
267 1877 321 1939 sed
355 1878 495 1941 malitiae
526 1876 642 1941 diaboli
673 1877 783 1940 uolunt
817 1878 961 1960 inputare
996 1877 1047 1939 uel
1082 1876 1208 1956 saeculi,
1244 1894 1316 1939 cum

134 1999 161 2040 15
175 1981 328 2045 scribtum
352 1983 407 2045 sit:
444 1982 570 2045 llfrem
592 1982 672 2064 ipse
697 1979 770 2044 sibi
793 1982 922 2064 posuit
945 1981 1163 2044 scandalum
1188 1999 1315 2044 amans

175 2085 421 2150 Channaneos
453 2090 484 2149 et
513 2086 587 2149 alibi
619 2086 759 2169 apostolo
783 2085 921 2149 dicente:
953 2085 1048 2149 unde
1078 2085 1190 2166 bella,
1221 2084 1316 2148 unde
1400 2155 1403 2161 ,

173 2190 274 2253 rixae
299 2188 302 2274 Ι
327 2191 364 2253 in
388 2189 517 2253 uobis?
548 2207 670 2254 nonne
699 2190 741 2253 de
772 2189 1036 2254 uoluntatibus
1068 2190 1240 2270 uestris?‚
1272 2189 1332 2252 sic

173 2294 283 2357 mundi
305 2313 361 2377 per
383 2295 461 2358 haec
482 2298 667 2358 accusantes
691 2296 848 2374 naturam,
872 2295 1097 2377 propterquod
1121 2294 1180 2358 hoc
1196 2295 1317 2358 malum

173 2399 323 2479 iudicant,
356 2399 435 2462 nihil
457 2398 491 2463 in
519 2399 673 2480 hisquae
698 2403 849 2482 apparent
872 2400 965 2462 deum
988 2399 1101 2462 fecisse
1130 2398 1316 2463 confirmant

132 2526 160 2566 so
173 2506 205 2566 et
235 2502 447 2586 corporalibus
479 2504 740 2586 concupiscentiis
771 2504 964 2567 delectantes
994 2504 1149 2568 facturam
1180 2505 1315 2586 corporis

173 2609 222 2671 sui
245 2608 448 2691 adsignantes
465 2608 588 2673 diabolo
611 2612 725 2691 putant
749 2628 782 2672 sc
805 2609 925 2672 nescire
949 2626 1029 2689 quae
1045 2609 1166 2672 faciunt
1190 2612 1221 2671 et
1237 2626 1315 2689 quae

172 2714 205 2776 in
221 2712 402 2796 corporibus
427 2714 492 2777 suis
509 2718 639 2796 peccant
655 2714 780 2777 diuinae
796 2713 1009 2795 dispositionis
1026 2713 1237 2777 sollicitudine
1253 2732 1314 2777 non

172 2819 282 2898 teneri,
313 2837 385 2881 cum
414 2818 568 2882 scribtum
599 2820 655 2882 sit:
687 2836 821 2901 corpus
853 2818 949 2899 quod
976 2818 1227 2900 corrumpitur
1258 2818 1315 2882 ad·

172 2926 306 3005 grauat
322 2924 484 2987 animam
500 2927 536 2986 et
552 2924 731 3005 deprimit
751 2928 902 2987 terrena
917 2921 1149 2986 inhabitatio
1166 2941 1314 2987 sensum

133 3028 292 3096 25multa
317 3025 326 3113 11
354 3028 595 3111 cogitantem,
631 3029 684 3092 alii
715 3028 819 3092 Solem
855 3031 887 3091 et
916 3027 1038 3091 Lunam
1073 3027 1242 3091 luminaria
1276 3027 1313 3091 ad
1339 3033 1377 3087 84

173 3132 385 3196 ministerium
401 3132 566 3197 hominum
590 3133 762 3197 constituta
779 3133 983 3196 aestimantes
1000 3133 1073 3195 deos
1089 3131 1315 3214 principatibus

173 3237 282 3300 mundi
306 3238 553 3301 aelementorum
582 3237 727 3301 tribuunt
749 3240 947 3320 potestatem,
979 3254 1051 3299 cum
1083 3235 1236 3299 scribtum
1259 3236 1314 3299 sit:

276 3403 293 3455 2
315 3400 348 3454 cf.
366 3401 448 3454 Exod.
466 3404 506 3464 12,
524 3404 557 3456 27
577 3417 647 3469 Sql·;
669 3401 728 3454 Act,
742 3404 766 3465 7,
779 3403 820 3456 24.
911 3404 926 3455 7
945 3400 1027 3454 Exod.
1040 3402 1082 3460 33,
1097 3401 1136 3456 ll.
1227 3402 1258 3455 lo
1281 3399 1314 3453 cf.

171 3487 222 3541 Ios
238 3491 278 3552 16,
293 3491 337 3552 10;
356 3488 441 3542 Iudic.
455 3493 478 3552 1,
491 3491 533 3543 29.
606 3492 639 3544 16
657 3489 709 3542 Iac.
722 3492 747 3552 l,
762 3493 785 3544 1.
857 3491 891 3544 23
909 3489 970 3558 Sap.
981 3492 1005 3553 9,
1020 3491 1060 3545 15,

214 3637 439 3721 2peRCUSSo]
465 3637 504 3690 ita
531 3637 593 3700 cod;
620 3637 674 3692 uid.
702 3638 783 3691 Arch.
811 3637 830 3691 f.
858 3636 904 3691 lat.
932 3637 992 3692 Lex.
1016 3637 1067 3702 ΙΙΙ,
1087 3640 1137 3693 315
1243 3641 1315 3700 7εῑ

174 3783 373 3872 belcontus
404 3784 444 3856 δε
471 3812 521 3848 ras.
546 3794 596 3848 uel.
695 3798 727 3851 12
755 3750 867 3856 sior'b'l
975 3799 1006 3851 17
1037 3778 1315 3863 oolcf'rntrocsl

172 3897 246 3951 nolui
272 3902 376 3953 mutare
399 3901 427 3953 in
455 3891 724 3983 bollundum&
752 3901 779 3954 in
798 3900 949 3970 sessoriano
968 3916 1072 3969 quoquc
1091 3901 1201 3971 Specolc'
1219 3903 1314 3971 Aepu-

171 3988 238 4040 ata'ai
265 3987 355 4040 codice
377 3986 476 4056 legitur
499 3986 533 4039 od
559 3987 631 4040 hunc
652 3986 742 4041 locum
764 3987 974 4052 ‘uolurrtctibus',
1002 4005 1026 4057 p.
1045 3990 1104 4052 625,
1124 3990 1155 4043 11
1179 3987 1315 4042 Wcihrich

171 4127 206 4180 20
225 4109 589 4210 (οΝίυξρΙΞΕΕΝῙΙΞΙΒ,
613 4126 680 4180 dnae
698 4127 803 4180 litterae
816 4127 903 4195 (acl)
920 4144 1008 4181 erasae
1077 4130 1109 4183 21
1128 4088 1311 4199 ΑδΞΙΩῗιΑΝ

171 4291 240 4362 tes,
261 4293 276 4342 1
294 4283 333 4351 (in
351 4286 441 4351 raro)
458 4301 508 4338 ras.
528 4283 578 4337 uer.
668 4243 864 4365 scb'cqsonc
885 4275 905 4345 b
923 4301 973 4340 ru.
993 4284 1044 4340 rer.
