2896 4808
214 341 255 404 28
678 359 889 414 Priscilliani

214 516 257 580 ab
286 535 346 581 ore
375 517 532 592 domini;
564 519 633 598 sed,
662 519 744 591 sicut
772 518 926 583 scribtum
955 522 1018 600 cst,
1047 520 1199 583 console
1227 517 1300 582 tibi
1326 522 1363 581 et

213 622 492 704 paenitentiam
520 641 587 706 age
616 627 652 687 θῖ
681 643 758 687 cmc
781 623 852 688 tibi
880 642 1010 688 eurum
1033 624 1121 707 igue
1148 622 1361 707 probatum,

213 729 249 789 ut
278 726 310 790 id
342 726 424 807 quod
454 727 522 811 ipse
553 728 666 792 emeris
697 728 801 793 sactus
824 731 988 810 tamquam
1016 747 1128 792 eurum
1152 731 1361 811 expurgatum

213 831 295 914 igne,
320 830 475 895 scribatur
494 832 527 896 iu
547 836 578 896 te
602 851 717 896 nomen
737 833 856 897 domini
879 834 962 915 quod
984 837 1033 897 est
1047 833 1147 913 Iesus,
1171 851 1244 896 cum
1267 833 1300 896 in
1325 850 1362 896 ca

213 953 294 1017 quse
316 936 384 1020 egis
406 937 571 1019 paenitens
594 955 709 1001 nomeu
733 938 852 1002 domini
875 938 1052 1018 saluatoris,
1075 938 1150 1019 quic
1171 956 1227 1020 per
1253 937 1388 1021 ipsums

150 1048 189 1102 34
214 1040 356 1104 saluatus
372 1037 502 1126 itineris,
523 1042 673 1122 ostendis
695 1042 769 1124 quis
784 1042 938 1106 scribtum
953 1045 1016 1106 est:
1040 1045 1076 1106 et
1097 1038 1364 1126 appellabitur

213 1162 347 1209 nomen
376 1145 455 1209 eius
483 1145 606 1227 lesus,
635 1147 722 1228 quia
748 1146 810 1211 hio
839 1151 896 1211 est
924 1147 989 1229 qui
1017 1145 1187 1211 saluabit
1215 1163 1361 1210 omnem

213 1250 400 1333 populum,
422 1253 453 1314 et
468 1251 617 1335 intellege
637 1250 841 1335 parabolas
863 1254 899 1316 et
919 1250 1101 1315 obscuros
1118 1269 1312 1315 sermones
1330 1254 1362 1315 ct

214 1354 366 1419 dictiones
386 1355 589 1437 prudentium
610 1359 642 1420 et
661 1356 880 1436 obscuritates,
900 1355 975 1438 quie
992 1359 1104 1439 potens
1125 1356 1247 1437 estqui
1268 1355 1359 1420 dixit:

213 1478 296 1522 oum
320 1478 526 1524 conuersus
549 1460 795 1544 ingemueris,
824 1463 912 1525 tunc
940 1462 1069 1525 saluus
1097 1460 1180 1540 eris,
1208 1459 1359 1542 quoniam
1376 1485 1402 1522 10

214 1564 290 1627 deus
313 1566 419 1628 noster
443 1564 476 1627 id
498 1565 580 1646 quod
609 1565 819 1629 multifarie
843 1583 884 1628 ec
907 1565 1041 1628 multis
1064 1565 1183 1629 modis
1205 1565 1360 1629 soluens

214 1668 257 1733 ab
280 1669 393 1733 initio
416 1670 588 1753 populum
612 1688 717 1733 suum
739 1669 912 1752 patribus
937 1669 1080 1734 nostris
1103 1669 1136 1733 in
1156 1688 1249 1752 opere
1269 1688 1360 1734 mon-

213 1773 337 1854 strauit,
360 1774 491 1838 ueniens
508 1774 541 1837 in
561 1792 687 1838 carnem
704 1774 841 1839 ostendit
865 1775 1041 1839 innomine
1065 1773 1241 1857 appellatus
1258 1773 1358 1838 Iesus.

214 1877 246 1943 Si
262 1879 331 1960 quis
356 1882 462 1942 cutem
486 1879 575 1943 aliter
592 1880 699 1959 sentit,
723 1879 891 1961 portabit
913 1878 1106 1958 iudicium,
1129 1878 1360 1961 quicumque

214 1983 296 2057 ille3
312 1983 376 2047 illis
390 1984 484 2064 enim,
502 1984 583 2048 siout
595 1983 633 2047 cb
650 1981 829 2048 infelicibus
842 1983 966 2063 dicitur,
982 1983 1242 2047 masculofeminas
1256 1979 1259 2068 l
1273 1987 1363 2067 pute·
1378 2008 1403 2048 ιε

215 2092 266 2153 tur
286 2088 377 2152 deus:
402 2089 492 2153 nobis
514 2093 620 2153 cutem
641 2092 673 2153 et
692 2089 725 2152 in
745 2088 894 2152 masculis
915 2092 947 2152 et
965 2088 999 2152 in
1018 2088 1145 2152 feminis
1165 2088 1215 2151 dei
1232 2088 1362 2171 spiritus

215 2196 273 2273 est,
298 2193 379 2256 sicut
399 2193 552 2258 scribtum
572 2197 633 2257 est:
658 2194 752 2257 fecit
772 2193 861 2257 deus
884 2193 1073 2256 hominem
1093 2193 1137 2255 ad
1156 2192 1363 2276 imaginem

215 2301 251 2362 et
275 2297 569 2362 similitudinem
597 2317 715 2379 suam,
745 2298 955 2362 masculum
978 2301 1016 2362 θῖ
1038 2298 1236 2371 feminam3
1267 2298 1362 2363 fecit

215 2421 275 2466 cos
291 2405 327 2466 θῖ
342 2401 535 2467 benedixit
555 2421 631 2477 eos3
649 2403 731 2467 sicut
747 2406 778 2467 et
793 2404 831 2466 de
846 2402 914 2485 ipso
932 2404 1091 2485 apostolus
1108 2402 1166 2466 ait:
1184 2402 1362 2467 Christus

215 2507 273 2571 dei
300 2507 423 2571 uirtus
452 2511 488 2571 et
515 2508 574 2571 dei
603 2508 811 2591 sapientiem
836 2507 943 2571 cuius
968 2525 1051 2570 cum
1079 2507 1196 2570 simus
1223 2507 1300 2570 uiri
1328 2511 1403 2572 etro

215 2613 281 2696 ipse
305 2612 353 2676 uir
378 2615 410 2677 et
433 2616 545 2695 caput
567 2616 751 2693 nostrum,
778 2612 1026 2696 desponsatos
1050 2630 1116 2676 nos
1141 2612 1179 2676 iu
1202 2612 1279 2675 fide
1304 2631 1361 2675 ex-

215 2716 426 2781 hibiturum
455 2736 488 2781 se
512 2718 672 2801 apostolus
700 2717 765 2780 uni
793 2717 875 2781 uiro
903 2721 1048 2781 castam
1076 2735 1143 2781 nos
1169 2716 1362 2799 uirginem

214 2821 408 2905 repromisit,
439 2823 527 2902 quia
554 2841 626 2886 non
654 2826 712 2886 est
738 2823 932 2886 musculus
963 2840 1081 2903 neque
1109 2821 1264 2902 femine,
1297 2823 1361 2886 scd

215 2945 341 2990 omnes
369 2945 482 2990 unum
507 2946 634 2991 sumus
661 2929 699 2991 in
723 2926 875 2992 Christo
903 2925 998 2990 Iesu,
1029 2925 1097 2997 illis
1122 2944 1194 3009 ergo
1218 2927 1360 2991 confusio

215 3033 256 3097 sit
272 3051 364 3097 omne
387 3033 470 3115 quod
484 3033 627 3117 legerint,
652 3031 742 3097 nobis
759 3033 890 3096 eruditio
911 3032 1092 3116 intellegere
1108 3032 1190 3113 quod
1207 3031 1362 3100 scribtum
1375 3055 1401 3094 25

156 3145 194 3198 35
216 3140 263 3201 est
286 3137 414 3219 uimque
437 3138 575 3202 uiuentis
600 3137 678 3201 scire
698 3135 707 3223 b
726 3136 823 3201 uerbi.
850 3135 936 3219 Opus
959 3155 1023 3200 non
1046 3136 1177 3200 erratico
1201 3139 1233 3200 et
1256 3138 1361 3202 carnis

320 3296 333 3348 1
361 3292 443 3362 Apoc.
471 3297 496 3358 3,
522 3297 561 3349 19.
588 3297 628 3350 18.
739 3296 756 3348 6
782 3294 879 3347 Motth.
909 3296 932 3356 1,
959 3295 1001 3348 21.
1109 3295 1126 3349 8
1154 3291 1235 3346 Sircc.
1264 3296 1307 3357 39,
1334 3297 1359 3348 ⁶2.

217 3385 249 3437 ld
267 3381 421 3445 Es.3o,15.
515 3384 546 3437 11
566 3380 647 3434 Hebr.
663 3386 686 3445 1,
700 3384 722 3436 1.
813 3384 846 3436 14
865 3379 922 3434 sal.
937 3383 961 3444 5,
976 3382 1016 3434 lo.
1093 3377 1359 3443 Neocretes.

216 3472 248 3525 19
266 3468 287 3522 I.
308 3467 367 3523 Cor.
383 3470 460 3532 1,24.
549 3471 583 3523 20
603 3469 688 3537 ouius]
702 3468 736 3522 ci.
749 3467 771 3521 Ι.
785 3466 844 3522 Cor.
859 3470 900 3532 11,
913 3469 941 3531 33
959 3466 1027 3537 Eph.
1042 3469 1066 3531 5,
1080 3467 1122 3520 23.
1193 3468 1225 3521 21
1246 3464 1360 3536 despon-

215 3556 297 3626 sutos]
320 3555 357 3609 ΙΙ.
377 3554 436 3610 Cor.
457 3559 497 3620 11,
517 3559 540 3612 2.
612 3558 646 3611 23
666 3555 723 3610 Gal.
744 3557 768 3619 3,
786 3558 828 3611 28.

259 3717 275 3769 6
298 3703 529 3791 ossembesrs,
554 3713 658 3768 litterae
679 3724 721 3772 en
740 3729 791 3767 ras.
811 3712 912 3765 deletos
931 3715 995 3766 sunt
1095 3712 1112 3766 8
1135 3703 1358 3793 pusnoobm,

216 3830 285 3878 oex
306 3829 326 3877 υ
348 3834 413 3871 corr.
505 3822 534 3873 ll
556 3805 807 3900 mulllfbklbe,
835 3817 888 3871 litt.
917 3827 942 3875 Α
970 3814 1058 3868 deleto
1080 3816 1121 3866 est
1145 3816 1244 3883 puncto
1268 3833 1359 3885 supcr-

1030 3909 1358 3981 ersrmrlrwbrrcecr

215 3976 302 4045 posito
374 3978 406 4030 13
426 3934 765 4036 CARNemOSICNblI
837 3978 868 4030 17
890 3956 1217 4045 ΙΦΑῙΟΙΝΕωΞῦΑίῐ)

215 4084 247 4136 21
274 4059 511 4164 bosporussrb,
538 4090 548 4139 r
573 4097 602 4133 ex
627 4091 634 4138 r
660 4096 727 4134 corr.
816 4082 849 4134 24
870 4070 960 4167 dlis,
1047 4083 1080 4135 25
1100 4062 1359 4161 θευδιῑιοθυοδΙ

218 4175 548 4266 ΙΝἘΕΙΙΕΟΕΚΕᾳυΘδ,
568 4185 654 4252 priore
667 4183 724 4238 loco
738 4183 825 4252 ‘quod'
838 4185 912 4238 tenui
929 4184 999 4238 linea
1018 4184 1068 4238 del.
1088 4184 1195 4238 uidetur
1266 4187 1300 4240 26
1322 4195 1355 4243 Ut

218 4299 360 4350 UCNICS
