2896 4808
649 356 818 402 tractatus
837 349 859 402 1.
1284 331 1326 394 23

178 511 385 589 putauerunt,
416 525 489 570 curn
518 506 671 571 scribtum
699 507 741 571 sit
772 507 861 589 quid
888 508 1057 571 lucidius
1085 507 1164 571 sole
1197 509 1233 570 et
1265 507 1326 570 hic

179 611 351 676 deficiet:
375 612 420 676 ita
440 612 614 676 infelicium
630 612 865 695 sacrilegiorum
889 612 1040 676 stultitias
1064 611 1266 694 ampliarunt,
1290 614 1326 674 ut

178 715 345 800 obpressus
368 717 518 781 caecitate
541 720 673 798 mentes,
697 735 758 799 quo
779 717 917 781 nefarius
940 717 1125 800 obligarent,
1148 714 1324 798 religiosius

178 839 360 885 consecrare
384 841 417 885 se
445 817 592 885 dicerent.
625 820 806 885 Anathema
834 822 875 886 sit
903 821 956 903 qui
978 820 1206 885 Nicolaitarum
1228 820 1325 884 forni-

150 926 317 990 ccationes
345 928 377 989 et
406 926 594 990 multimoda
620 922 628 1011 ll
655 929 781 990 ostensa
810 926 843 989 in
872 925 1034 990 scribturis
1063 944 1135 989 cum
1163 924 1324 1008 discipulis
1349 937 1387 990 27

177 1033 211 1094 et
233 1029 412 1095 doctoribus
436 1032 501 1094 suis
524 1031 689 1094 daemonia
711 1049 774 1094 non
797 1031 927 1094 damnat
950 1030 1001 1094 uel
1024 1031 1077 1112 qui
1101 1047 1209 1093 eorum
1232 1047 1326 1112 opera

177 1137 348 1199 sectantur.
379 1135 515 1199 Pereant
538 1135 592 1217 qui
615 1134 768 1199 Ofitarum
792 1135 825 1198 in
849 1154 882 1198 se
905 1134 1069 1218 perfidiam
1091 1137 1278 1216 receperunt
1294 1137 1325 1197 ιι

176 1239 223 1302 fili
238 1240 417 1323 uiperarum
439 1240 516 1304 facti
539 1239 676 1306 similem
700 1239 760 1304 sibi
784 1240 878 1303 deum
902 1258 995 1304 suum
1018 1243 1050 1303 ιι
1066 1239 1227 1303 dominum
1251 1257 1324 1303 con-

175 1344 315 1408 fitentur.
346 1345 388 1408 Et
413 1345 488 1427 quia
509 1345 640 1428 longum
664 1348 712 1409 est
739 1345 784 1408 ire
807 1364 862 1426 per
886 1344 1025 1429 singula,
1054 1363 1163 1408 omnes
1186 1343 1323 1424 hereses

135 1467 162 1505 ιι
177 1467 255 1530 quas
273 1448 332 1513 sibi
347 1451 490 1514 homines
514 1453 640 1514 mente
657 1451 825 1533 corrupti
842 1453 878 1513 et
892 1449 1068 1533 naufragi
1088 1467 1106 1512 a
1128 1449 1205 1513 fide
1221 1449 1272 1512 uel
1289 1469 1330 1512 ιιι

177 1554 335 1618 canonicis
360 1555 523 1638 scripturis
547 1555 599 1618 uel
622 1574 659 1617 ιιι
682 1554 825 1638 apocrifis
849 1553 1044 1618 fabricarunt
1067 1572 1162 1637 supra
1185 1572 1325 1636 eaquae

177 1658 295 1742 scripta
317 1662 401 1739 sunt,
424 1679 506 1723 unus
529 1659 680 1724 aduersus
706 1660 841 1723 alterum
863 1658 991 1723 inflatus
1014 1676 1069 1742 pro
1091 1658 1162 1738 alio,
1187 1660 1218 1721 et
1234 1659 1324 1740 quid·
1387 1722 1389 1725 ,
1429 1676 1438 1686 ‘

177 1764 250 1845 quid
274 1767 329 1828 aut
351 1763 520 1829 Saturnina
544 1765 664 1827 heresis
687 1764 810 1828 induxit
838 1767 893 1828 aut
914 1763 1094 1827 Nouatiana
1115 1763 1246 1846 protulit
1269 1765 1324 1826 aut

176 1867 313 1931 Basilide
341 1868 471 1932 docente
496 1866 500 1953 l
524 1869 715 1933 monstrauit
742 1872 797 1932 aut
817 1866 954 1932 Arriano
980 1866 1107 1950 collegit
1135 1870 1188 1930 aut
1214 1867 1323 1930 Patre-

133 1989 160 2029 15
175 1972 324 2055 passiano
340 1973 452 2037 erudiit
468 1977 522 2037 aut
532 1973 781 2037 Homuncionita
795 1973 930 2036 mentita
946 1974 994 2035 est
1011 1974 1065 2035 aut
1078 1970 1238 2054 (latafriga
1252 1990 1323 2053 per-

176 2076 276 2140 suasit
300 2081 354 2141 aut
377 2077 508 2159 arripuit
531 2077 713 2141 Borborita:
745 2078 875 2141 catolioc
899 2079 930 2140 ιι
953 2077 1009 2140 deo
1035 2076 1160 2139 Christo
1184 2076 1323 2140 credenti

175 2199 227 2245 ore
248 2199 321 2244 cum
341 2182 498 2262 omnibus,
522 2183 576 2264 qui
591 2182 669 2247 haec
691 2185 865 2264 sequuntur
889 2184 943 2245 aut
959 2182 1072 2244 docent
1095 2183 1150 2243 aut
1165 2180 1323 2244 noluerint

175 2286 328 2367 adserere,
352 2287 555 2361 damnamus3
579 2306 714 2369 quorum
730 2287 879 2370 dogmata
902 2285 1008 2349 omnia
1030 2284 1209 2348 diuinorum
1233 2284 1323 2349 testi-

174 2391 352 2455 moniorum
369 2392 450 2474 apud
466 2409 523 2455 nos
538 2393 608 2455 luce
624 2391 837 2471 dissoluimus‚
861 2408 933 2454 non
956 2390 1052 2472 quod
1075 2389 1321 2453 sufficientes

132 2495 292 2559 cisimus
317 2496 484 2581 cogitare
508 2497 653 2579 aliquid
676 2495 785 2560 nobis
809 2499 999 2577 tamquam
1024 2514 1064 2557 ιιι
1084 2493 1192 2558 nobis
1215 2494 1322 2577 ipsit,

175 2601 238 2663 sed
262 2601 501 2665 sufficientia
524 2603 653 2665 nostra
676 2620 717 2663 ex
740 2601 805 2664 dec
830 2603 895 2663 est.

217 2704 304 2768 Inter
320 2724 399 2787 quae
416 2709 523 2769 tamen
546 2723 664 2769 nouum
688 2705 807 2769 dictum
830 2707 863 2767 ιι
885 2723 947 2768 non
971 2704 1073 2767 dicam
1098 2704 1191 2783 facto,
1216 2703 1271 2766 sed
1291 2705 1323 2766 ιι

172 2810 324 2873 relatione
347 2809 526 2874 damnabile
550 2828 608 2873 nec
635 2810 698 2873 ullo
722 2805 731 2894 ΙΙ
754 2812 826 2873 ante
853 2809 913 2872 hoc
936 2808 1073 2871 heretico
1102 2810 1228 2871 auctore
1250 2825 1321 2889 pro·
1345 2817 1384 2872 28

173 2914 275 2977 latum
303 2913 458 2998 sacrilegii
481 2915 569 2978 nefas
597 2914 744 2978 inaures
773 2917 897 2977 nostras
920 2914 1029 2997 legens
1057 2911 1175 2976 itacius
1198 2911 1321 2974 induxit

280 3124 293 3176 1
313 3120 394 3175 Sirao.
410 3124 449 3185 17,
463 3124 505 3177 30.
560 3124 593 3178 10
611 3121 647 3174 II.
662 3120 730 3174 Tim.
744 3123 768 3185 3,
782 3124 812 3184 8;
829 3120 852 3174 I.
866 3120 934 3174 Tim.
949 3122 1028 3184 1,19.
1084 3122 1116 3174 19
1134 3119 1170 3172 Π.
1185 3117 1244 3173 Cor.
1258 3121 1281 3182 3,
1296 3122 1320 3174 5.

278 3299 311 3351 24
324 3296 363 3349 De
375 3296 459 3349 Itacio
469 3295 502 3350 cf.
514 3312 580 3363 quae
593 3295 773 3363 congessimus
783 3295 812 3347 in
820 3293 923 3348 libello:
935 3293 1105 3357 ‘Priscilliam
1116 3293 1158 3346 ein
1167 3292 1319 3362 neuaufgcf.

174 3382 383 3447 Schriftsteller',
397 3400 422 3451 p.
434 3386 457 3437 6.
470 3385 502 3438 15
515 3381 572 3451 (ubi
587 3382 710 3451 inprimis
723 3381 790 3435 ratio
803 3381 917 3435 habetur
929 3383 1049 3451 Sulpicii
1059 3381 1162 3449 Seueri,
1176 3382 1267 3436 ebron.
1277 3381 1319 3448 11,

173 3474 208 3524 47
219 3471 294 3540 app).

217 3682 233 3735 3
262 3689 433 3740 casertan
556 3688 715 3759 mercna,
746 3691 757 3740 r
785 3695 815 3732 ex
844 3690 850 3737 ι
881 3680 1030 3732 correctum
1048 3678 1089 3729 esa
1214 3657 1319 3758 reeta*

175 3837 265 3906 RlUS]
286 3837 320 3892 cf.
345 3838 455 3905 Driigcr,
478 3837 541 3890 hist.
561 3836 661 3906 Syntax
683 3836 708 3890 d.
727 3836 773 3890 lat.
794 3836 860 3906 Spr,
879 3835 901 3899 I,
920 3838 955 3891 34
1069 3837 1100 3889 17
1120 3789 1319 3917 SCquxle

173 4015 206 4067 20
225 3993 375 4092 sollius,
396 4028 425 4065 cx
446 4023 468 4072 υ
487 4012 525 4079 (in
543 4012 600 4078 su)
620 4022 627 4070 1
649 4026 714 4064 corr.
798 4014 831 4066 22
851 4019 887 4071 ετ
904 4011 975 4077 (ante
996 4010 1099 4076 ΝοΝ)
1121 4012 1178 4062 orat
1199 3949 1278 4088 sebt',
1299 4019 1318 4068 s

172 4159 232 4228 ιιδ
250 4169 297 4223 lin.
311 4169 362 4223 del.
421 4179 521 4251 facto
536 4185 567 4221 ex
582 4178 686 4251 factu
708 4184 773 4221 corr.
845 4170 879 4223 23
899 4124 1131 4245 δΑιῐιΝΑὓΙΙΕι,
1149 4177 1318 4234 eperperom

133 4265 138 4276 ³
172 4272 276 4326 duabus
287 4273 334 4327 lin.
350 4273 400 4327 del.
414 4277 440 4327 ct
463 4284 470 4331 r
491 4289 620 4342 superscr.
700 4274 734 4327 24
755 4253 893 4351 libitus,
916 4283 923 4331 1
943 4272 973 4325 in
993 4281 1010 4330 c
1028 4270 1165 4342 inscripsit
1182 4271 1281 4326 manI
