2896 4808
1185 357 1279 416 XXXI

138 533 181 605 -Ι-
205 524 249 590 32
278 545 297 591 3
326 527 486 592 Bernardo
521 526 658 592 03333113
693 527 730 592 33
763 528 923 612 Aragonia
962 528 1067 593 addita
1100 533 1163 609 est,
1202 548 1282 612 quae

138 635 208 697 tota
229 635 373 696 uersatur
395 633 427 694 in
451 631 652 696 describendo
676 635 782 696 nostro
805 632 910 697 codice
933 632 1064 707 biblioo;
1088 634 1208 716 prologi
1231 653 1282 697 ca-

137 754 258 801 nonum
280 736 568 800 Priscillianeorum
591 735 630 799 ad
653 736 765 800 codicis
789 736 884 800 fidem
908 737 1046 801 adiciunt
1032 741 1083 801 tur
1105 737 1179 801 ibid
1196 758 1226 820 p.
1242 736 1282 799 19

138 838 195 923 (=
215 839 310 924 1133)
296 839 449 904 3333333
436 842 487 903 tur
510 840 606 904 etiam
629 840 689 904 duo
713 840 884 923 specimina
904 841 1086 923 scripturae,
1110 842 1283 906 minutissi-

137 963 207 1009 mos
224 947 256 1008 et
242 945 353 1008 tleotu
368 942 510 1008 difficiles
527 945 601 1007 duct
587 947 638 1007 tus
655 948 704 1008 ost
692 945 829 1009 tt'enden
808 948 859 1009 t.1a
893 944 995 1009 03331
1007 946 1104 1010 habet
1116 942 1180 1008 303
1192 947 1281 1020 13113,

137 1051 260 1131 magmt
237 1048 385 1113 'ttudo
337 1052 385 1112 est
406 1045 504 1129 0,320
521 1050 558 1126 ><
576 1046 689 1128 0,265;
714 1049 856 1132 singulae
875 1050 1008 1132 paginae
1024 1051 1112 1113 trinis
1129 1051 1281 1113 columnis

137 1155 312 1216 exarantur.
343 1151 498 1216 Dubitant
513 1151 550 1215 de
566 1151 685 1216 librarii
701 1155 814 1233 aetate,
839 1153 898 1234 qui
908 1172 1023 1217 nomen
1040 1173 1132 1218 suum
1149 1155 1281 1218 ‘Danila'

136 1257 297 1340 inscripsit
323 1257 344 1321 f.
372 1255 471 1332 166';
496 1257 549 1320 alii
573 1257 656 1320 enim
685 1274 765 1321 saec.
792 1260 902 1320 octauo
925 1258 1077 1339 tribuunt,
1101 1259 1155 1321 alii
1177 1261 1282 1340 poste-

136 1360 212 1426 riori
234 1379 325 1437 aeuo;
354 1379 411 1445 ego
439 1364 564 1426 secutus
593 1380 665 1425 sum
688 1380 750 1441 eos,
779 1362 833 1443 qui
859 1362 915 1425 IX.
937 1363 1061 1427 saeculo
1088 1363 1204 1427 librum
1228 1364 1281 1427 ad-

137 1466 247 1530 dicunt
264 1469 295 1531 et
311 1467 499 1548 scripturam
516 1485 584 1529 esse
602 1466 830 1548 wisigothicam
848 1467 1042 1531 contendunt
1061 1465 1113 1550 (cf.
1132 1468 1279 1533 Watten-

136 1569 229 1650 bach,
252 1568 425 1652 Anleitung
445 1589 498 1633 nur
519 1571 572 1633 lat.
589 1570 772 1652 Palaeogr.⁴
795 1590 825 1653 p.
842 1569 907 1654 23).
932 1607 975 1617 -
999 1569 1146 1636 Continet
1169 1572 1235 1635 eod.
1258 1571 1281 1636 0
1314 1620 1316 1627 .

137 1691 247 1737 omnes
269 1672 437 1737 bibliorum
459 1673 555 1737 libros
579 1677 611 1737 et
633 1674 847 1737 additamenta
870 1675 1024 1755 quaedam
1048 1677 1125 1750 alia3
1150 1677 1283 1741 contulit

136 1777 353 1842 Wordsworth
376 1779 465 1841 annis
491 1776 573 1839 1878
595 1781 626 1841 et
644 1776 736 1841 1873.
768 1776 909 1842 Oenones
933 1780 1033 1843 nostri
1054 1780 1087 1843 in
1111 1778 1134 1844 0
1159 1784 1283 1845 exstant

137 1881 158 1944 f.
177 1878 240 1944 253
257 1900 335 1963 sqq,
360 1881 526 1965 magnifice
549 1882 700 1946 adornati.

180 1985 323 2068 Angelus
354 1985 472 2066 Maius,
508 1986 660 2050 librorum
694 1987 899 2070 inuestigator
938 1988 1174 2070 sagacissimus,
1209 2008 1281 2052 cum

137 2093 280 2154 nostrum
310 2090 448 2154 codicem
479 2091 679 2173 cognouisset
709 2089 763 2174 (of.
792 2090 901 2174 Script.
931 2094 994 2156 uet.
1019 2110 1101 2156 noua
1129 2094 1279 2174 collectio,

136 2197 159 2256 t.
175 2194 235 2274 III,
251 2193 294 2274 Π,
320 2191 413 2274 1828,
436 2215 465 2278 p.
491 2192 553 2257 165
571 2197 646 2275 sq),
674 2195 833 2277 Ignatium
861 2195 1008 2260 Rossium
1036 2200 1138 2261 totum
1164 2197 1280 2261 librum

137 2298 346 2362 transcribere
369 2299 475 2379 iussit,
502 2300 538 2361 ut
565 2298 760 2362 celeberrimi
784 2299 897 2364 codicis
929 2300 1145 2383 apographum
1171 2300 1282 2365 biblio-

136 2401 608 2478 3333330331333331113313133
627 2406 728 2467 exstat
739 2403 834 2486 igitur
849 2404 940 2467 hodie
957 2404 1035 2467 illud
1053 2406 1279 2488 apographum,

136 2506 220 2589 quod
240 2506 369 2571 Rossius
394 2507 483 2570 annis
508 2505 720 2569 1829-1831
746 2526 780 2571 33
796 2526 939 2572 31313333
955 2511 1089 2572 testatur
1111 2509 1143 2572 in
1166 2510 1281 2592 margi-

136 2610 230 2674 nibus
253 2611 462 2694 complurium
483 2611 638 2691 foliorum,
662 2611 695 2675 in
718 2611 783 2676 eod.
806 2611 959 2676 Uaticano
982 2613 1129 2695 insignito
1146 2633 1176 2676 n.
1194 2610 1281 2675 8484

104 2750 108 2757 ·
136 2713 193 2795 (τ.-
209 2711 260 2796 Γ).
292 2714 344 2778 Ad
359 2715 462 2779 Rossii
478 2714 589 2779 deinde
605 2716 819 2798 apographum
837 2714 913 2797 (non
929 2716 968 2779 ad
985 2715 1018 2796 0,
1035 2717 1097 2780 313.
1115 2735 1140 2779 e.
1157 2736 1187 2799 g.
1206 2715 1279 2796 113,

136 2816 258 2892 9-11;
284 2816 356 2899 115,
377 2816 474 2899 8sq.;
500 2816 571 2899 122,
589 2818 627 2893 2;
653 2818 725 2899 131,
742 2816 780 2894 53
805 2817 877 2900 132,
900 2818 956 2894 13;
983 2818 1054 2900 140,
1075 2818 1131 2893 20;
1157 2818 1279 2903 143,1)

136 2922 242 2986 Maius
270 2941 425 2987 canonum
449 2923 618 2987 editionem
644 2925 719 2987 lecit
741 2921 871 2986 31843
894 2924 926 2986 13
949 2923 1115 3007 Spicilegio
1137 2925 1279 2988 Romano

135 3029 212 3091 tom.
233 3026 280 3090 IX
303 3025 358 3110 (=
382 3026 431 3110 3),
462 3027 518 3091 333
545 3027 756 3092 sectionum
784 3045 956 3092 numeros
985 3046 1113 3092 omnes
1141 3029 1277 3092 omisit.

137 3129 223 3210 Quae
246 3151 296 3196 res
315 3132 416 3215 primo
438 3150 490 3195 me
513 3131 640 3206 fefellit;
664 3132 894 3195 Priscillianeos
912 3132 997 3196 enim
1012 3150 1160 3195 numeros
1177 3130 1278 3195 obiter

135 3241 262 3302 tantum
284 3237 318 3300 in
333 3235 412 3300 Maii
433 3236 683 3318 praefatiuncula
706 3238 966 3300 commemoratos
990 3238 1153 3318 tantopere
1169 3253 1187 3298 a
1202 3235 1280 3299 Uul-

135 3345 227 3424 gatae
251 3340 395 3422 capitulis
411 3340 554 3404 recedere
569 3358 632 3403 non
647 3340 798 3422 putabam
820 3340 961 3420 ideoque,
986 3357 1058 3402 cum
1073 3340 1113 3402 H.
1131 3338 1160 3404 S.
1178 3338 1279 3403 Sedl-

136 3462 261 3527 mayer
282 3462 355 3508 uere
379 3444 453 3507 anni
478 3441 561 3505 1886
589 3445 620 3506 13
647 3445 739 3507 33133
768 3444 828 3507 3131
855 3444 1024 3507 stationem
1051 3443 1278 3507 monasterium

136 3546 279 3612 0333333
303 3547 362 3631 (La
385 3547 482 3630 0333)
506 3566 602 3630 prope
624 3547 790 3630 Neapolim
819 3547 915 3610 situm
945 3565 1017 3611 mea
1046 3565 1141 3610 eausa
1168 3546 1278 3627 adiret,

135 3655 172 3716 ut
192 3653 263 3716 illos
286 3669 432 3715 numeros
456 3649 645 3715 exscriberet
667 3669 730 3715 non
752 3652 914 3734 petieram.
961 3650 1021 3716 Sed
1047 3654 1214 3734 postquam
1242 3670 1280 3714 31
1345 3737 1347 3740 y

69 3823 72 3831 ,
135 3755 292 3838 lipsiensi
315 3754 419 3819 codice
442 3773 645 3819 numerorum
667 3755 857 3838 grauitatem
885 3755 1104 3839 cognouissem
1131 3755 1279 3818 aliorum-

135 3878 195 3941 que
211 3859 288 3924 mihi
310 3859 452 3923 codicum
467 3859 590 3923 numeri
612 3860 832 3939 innotuissent,
857 3859 896 3922 ad
918 3858 1118 3941 complendos
1141 3859 1199 3922 hos
1220 3877 1278 3921 nu-

136 3981 238 4028 meros
266 3963 378 4027 sinon
400 3963 502 4027 denuo
528 3963 633 4044 ipsum
657 3961 680 4027 0
710 3963 834 4046 longius
864 3965 1036 4043 remotum,
1068 3963 1135 4026 eius
1165 3963 1279 4026 saltem

135 4068 351 4152 apographum
373 4067 552 4132 Romanum
574 4069 594 4126 Γ
617 4067 648 4129 13
672 4084 766 4130 usum
789 4075 895 4130 meum
919 4066 1053 4130 conferri
1069 4069 1209 4147 oportere
1229 4066 1277 4130 in-

134 4172 250 4252 tellexi,
273 4172 305 4235 id
328 4171 410 4254 quod
431 4171 616 4234 Edmundus
639 4171 780 4235 Hauler
801 4171 1014 4235 intercedente
1034 4170 1176 4235 Hartelio
1199 4169 1278 4233 mihi

133 4276 299 4362 praestitit
277 4276 416 4341 tPost
402 4278 453 4339 tea
482 4276 723 4340 ratiocinantem
753 4294 804 4339 me
834 4276 900 4339 lore
930 4278 966 4338 ut
997 4277 1076 4338 3313
1081 4293 1123 4339 33
1155 4292 1277 4356 quoque
