2896 4808
582 358 746 410 tractatus
765 357 801 410 Π.
1223 341 1264 405 37

118 524 196 591 tum,
227 514 325 576 tertia
349 514 401 577 die
431 514 662 592 resnrrenisse,
692 515 775 580 siout
802 515 956 580 scribtum
983 519 1032 580 est
1059 516 1091 580 in
1118 517 1264 599 profetis:

119 620 308 684 sustinete
331 638 386 683 me
401 620 439 683 in
462 620 559 683 diem
580 621 872 685 resurrectionis
896 639 1008 702 meae,
1030 619 1212 684 ascendisse
1227 619 1265 682 in

118 721 232 800 enetos,
249 723 357 787 sedere
373 723 419 786 ad
434 723 600 786 denteram
617 723 670 786 etei
678 724 794 808 patris
810 724 1047 809 omnipotentis,
1069 726 1151 790 siout
1167 726 1265 808 scrip-

117 832 187 892 tum
214 832 279 893 est:
311 847 394 893 θθθθ
421 829 500 893 uidi
532 831 656 894 eaelos
690 833 841 913 apertos
874 833 910 894 et
940 830 1068 894 filium
1099 831 1263 894 hominis

90 935 310 999 sseesntem
333 934 377 997 ad
400 934 679 1015 dexteramei,
704 933 781 996 inde
797 943 975 996 nentnrnm
990 943 1019 996 et
1035 933 1264 997 indicaturum

119 1037 157 1100 de
184 1037 277 1100 ninis
301 1047 329 1099 et
355 1037 503 1115 mortuis,
528 1038 609 1102 siout
633 1038 787 1103 scribtum
814 1042 876 1103 est:
905 1039 959 1102 sie
986 1039 1114 1102 ueniet
1142 1059 1264 1122 quem-

118 1144 313 1206 admodum
342 1143 498 1207 uidistis
526 1144 634 1207 illum
661 1147 811 1208 euntem
841 1144 878 1207 in
910 1145 1070 1224 eaelum,
1101 1142 1263 1206 eredentes

118 1246 153 1308 in
176 1255 321 1309 sanctam
344 1245 503 1324 eclesiam,
526 1257 674 1310 sanctorm
696 1246 863 1332 spiritum,
888 1245 1082 1332 baptismo-m
1104 1246 1263 1326 satutare,

118 1352 200 1415 siout
226 1351 379 1416 scribtum
406 1355 470 1416 est:
501 1353 575 1416 nisi
602 1353 685 1435 quis
712 1356 867 1417 renatus
895 1353 1012 1417 tuerit
1039 1372 1079 1415 ex
1107 1371 1201 1434 aqua
1228 1356 1263 1417 et

77 1457 254 1539 1ospiritu
275 1460 414 1537 saneto,
436 1475 507 1521 non
523 1454 714 1543 astinendet
729 1458 766 1521 in
780 1476 896 1541 regne
911 1446 1108 1538 saelorum,
1132 1456 1262 1519 ereden—
1286 1460 1325 1520 45

116 1570 160 1623 tes
184 1561 402 1624 remissionem
419 1571 638 1646 peecatorum,
663 1563 745 1626 siout
772 1562 926 1627 scribtum
949 1565 1011 1626 ost:
1035 1563 1116 1627 dioo
1143 1562 1262 1644 uobis

115 1666 241 1746 filioli,
265 1667 352 1748 quie
374 1667 623 1731 remittuntur
646 1666 753 1731 uobis
777 1671 931 1750 possets
953 1670 1106 1750 propter
1129 1685 1262 1731 nomen

116 1771 205 1851 siue,
229 1769 390 1833 eredentes
414 1771 450 1832 in
474 1771 741 1834 resurrectionem
763 1770 885 1848 earnis,
916 1773 998 1836 siout
1022 1772 1175 1836 scribtum
1198 1775 1261 1836 est:

114 1877 431 1940 resurreetionem
462 1881 585 1942 eutem
613 1877 777 1941 futuram
808 1877 920 1940 etiam
947 1877 1094 1959 Moyses
1124 1878 1262 1940 adnun-

74 1980 229 2044 stianit
255 1981 403 2045 dicente
431 1982 577 2046 domino
607 1985 682 2065 ‘ego
714 2001 794 2045 sum
821 1982 910 2044 deus
939 1979 1143 2061 Abraham,
1172 1982 1261 2045 deus

113 2084 207 2165 Isse,
231 2086 320 2148 deus
336 2085 472 2160 Iaeob'3
496 2105 567 2150 non
591 2090 648 2150 est
670 2087 759 2150 (teus
783 2089 1022 2166 mortuorum,
1047 2087 1110 2148 sed
1134 2085 1261 2149 uiuen-

115 2189 222 2264 tium3
247 2209 372 2255 omnes
397 2191 495 2255 enim
517 2190 577 2254 illi
600 2191 744 2255 uiuunt.

157 2293 252 2358 Cuius
277 2295 411 2378 symboli
434 2297 493 2360 iter
516 2296 727 2360 custodientes
751 2313 860 2359 omnes
883 2295 1009 2359 hereses
1034 2296 1191 2360 doctrines
1211 2296 1260 2359 in·

113 2399 225 2463 stituta
247 2401 298 2463 uel
322 2401 483 2484 dogmata,
511 2419 591 2482 quae
614 2399 675 2464 sibi
698 2401 935 2465 alternationem
957 2418 1021 2464 non
1043 2400 1180 2484 ingenie,
1204 2401 1259 2464 sed

72 2529 98 2568 20
113 2504 219 2568 studia
240 2505 392 2586 feserunt,
417 2506 570 2569 catholieo
594 2523 646 2569 ore
669 2506 867 2585 damnemus,
890 2501 1155 2590 baptiinantes,
1179 2506 1260 2570 sieut

112 2608 266 2674 scribtum
282 2613 339 2691 est,
362 2611 399 2675 in
422 2611 570 2674 nomine
593 2611 713 2693 patris
738 2613 773 2674 et
795 2610 856 2673 fili
879 2613 915 2672 et
938 2610 1096 2692 spiritus
1121 2610 1257 2685 sanoti3

112 2731 175 2778 non
206 2715 283 2779 dicit
312 2719 418 2780 autem
442 2715 485 2779 ‘in
516 2714 707 2779 nominibus
730 2718 894 2795 tamquam
925 2715 959 2778 in
989 2715 1110 2795 multis,
1142 2716 1196 2778 sed
1225 2715 1258 2778 in

111 2837 184 2899 uno,
209 2820 282 2901 quia
305 2838 386 2883 unus
410 2820 486 2882 deus
513 2819 597 2883 trina
619 2822 775 2902 potestate
803 2818 993 2882 uenerabilis
1017 2818 1141 2883 omnia
1164 2822 1199 2883 et
1220 2819 1258 2883 in

112 2922 282 2988 omnibus
307 2923 480 2989 Christus
504 2928 562 3004 est,
587 2925 668 2988 siout
683 2923 837 2988 scribtum
853 2927 915 2988 est:
938 2922 1111 2987 Abrahae
1135 2924 1258 2988 dietae

70 3032 198 3095 essunt
220 3028 532 3110 repromissiones
557 3032 593 3093 et
617 3029 751 3093 semini
774 3029 867 3102 eius;
892 3047 964 3092 non
980 3029 1073 3093 dioit
1089 3031 1135 3093 ‘et
1151 3029 1257 3092 semi-

110 3132 230 3196 nibus’
251 3135 439 3215 tamquam
455 3134 492 3198 in
515 3134 657 3214 multis,
682 3134 745 3197 sed
769 3133 876 3215 quasi
899 3134 936 3196 in
958 3151 1029 3197 uno
1053 3135 1099 3198 ‘et
1123 3134 1257 3197 semini

110 3238 181 3302 tuo‘
206 3238 301 3319 quod
325 3241 382 3302 est
398 3237 586 3312 Christum
611 3239 649 3301 de
673 3256 736 3320 que
756 3258 790 3302 re
812 3238 944 3320 loquens
968 3238 1092 3320 profeta
1114 3239 1172 3303 ait:
1195 3239 1256 3303 hio

110 3346 167 3407 est
196 3343 286 3405 deus
314 3346 442 3407 noster
469 3362 535 3407 neo
561 3342 800 3426 reputabitur
829 3343 925 3406 alius
954 3342 1094 3424 absque
1122 3361 1161 3407 eo
1194 3344 1256 3426 qui

212 3479 363 3549 2Sophon.
383 3482 407 3544 3,
427 3483 450 3536 8.
531 3480 729 3544 4111155.
810 3479 908 3534 ert.
929 3484 952 3544 1,
973 3483 1014 3536 11.
1095 3481 1167 3536 9Ιο.
1186 3483 1210 3545 3,
1230 3484 1254 3537 5.

110 3570 141 3623 11
164 3568 187 3621 I.
205 3568 244 3621 Ιο.
263 3571 287 3631 2,
308 3571 349 3623 12.
456 3571 489 3624 14
514 3568 547 3622 of.
566 3569 663 3622 Matoh.
682 3570 724 3631 22,
743 3570 784 3624 31.
804 3570 850 3630 32;
872 3568 936 3622 Luc.
955 3570 997 3631 20,
1017 3570 1064 3631 38;
1086 3568 1168 3622 Erod.
1186 3570 1210 3632 3,
1230 3571 1254 3624 6.

109 3657 142 3709 20
160 3654 311 3719 manthos,
326 3658 367 3710 19.
429 3658 464 3710 23
482 3655 537 3710 ool.
552 3657 575 3720 3,
591 3660 631 3712 11.
703 3657 737 3710 24
756 3654 814 3709 Gal.
827 3657 851 3719 3,
866 3658 906 3711 16.
978 3657 1012 3709 27
1030 3656 1090 3708 Bar.
1104 3657 1128 3718 3,
1142 3657 1253 3713 36-38.

212 3779 244 3832 21
266 3776 305 3831 of.
323 3794 349 3846 p.
367 3780 408 3842 39,
428 3780 473 3841 15,
494 3780 538 3843 49,
556 3781 572 3833 2
590 3778 623 3832 al.
648 3779 688 3832 De
705 3777 838 3847 particula
857 3788 893 3838 εῖ
911 3778 939 3830 in
957 3779 1008 3831 hae
1027 3777 1143 3831 formula
1160 3795 1176 3831 e
1193 3779 1254 3832 Pri-

109 3863 273 3917 scillianistis
298 3864 419 3918 consulto
442 3865 540 3919 omissa
562 3881 623 3934 opp.
646 3864 718 3918 infra
744 3865 835 3920 Orosii
858 3867 1101 3935 commonitorium,
1124 3870 1181 3921 e2
1203 3865 1252 3919 sub

107 3951 161 4014 fin,
181 3954 208 4005 et
226 3967 292 4019 queo
304 3950 439 4005 Luebker't
457 3952 493 4022 (p.
506 3955 539 4008 25
558 3953 608 4021 sq.)
627 3955 654 4006 et
671 3952 853 4006 Manderneoh
871 3952 907 4022 (p.
921 3952 965 4022 17)
984 3952 1098 4006 afferunt
1109 3953 1138 4006 in
1154 3952 1252 4006 libellis

108 4056 124 4091 a
141 4038 219 4092 nobis
237 4039 266 4091 in
283 4039 366 4107 praef.
379 4040 463 4109 oapi
480 4039 604 4093 laudatis

160 4199 193 4252 19
214 4153 430 4268 Notltrssletxtth
509 4200 543 4252 20
564 4178 847 4277 (Αῖο01110030116,
868 4197 900 4250 de
918 4197 971 4251 litt.
992 4207 1011 4256 s
1029 4197 1172 4267 parasitica
1189 4195 1251 4248 uide

107 4315 173 4368 quae
190 4301 219 4354 in
236 4300 410 4370 praefationis
429 4317 484 4370 cap.
497 4301 527 4355 Π
545 4301 659 4355 diximus

1201 4422 1372 4526 fl
