2896 4808
632 351 798 404 tractatus
816 351 868 405 III.
1280 337 1322 402 53

180 505 351 588 culpabiles
379 527 499 590 sumus,
531 526 604 573 cum
627 509 726 593 magis
750 508 789 574 ob
813 511 871 575 hoc
893 511 938 574 rei
960 531 1080 594 sumus
1109 512 1190 594 quod
1218 514 1322 577 omnia

179 631 259 693 quae
287 613 324 677 de
352 614 408 678 deo
432 618 506 678 sunt
528 616 683 697 profetata
704 634 767 679 non
789 616 946 700 legimns?
983 616 1054 682 Non
1082 617 1188 682 dubito
1216 621 1321 683 onum

179 735 370 799 quemquam
402 738 437 782 ex
467 719 515 783 his
544 719 596 800 qui
626 720 798 784 calumnias
821 721 925 803 potins
950 740 1044 803 quam
1067 721 1161 786 fidem
1189 723 1322 807 diligunt

179 841 247 886 esse
271 823 440 887 dicturum:
471 824 554 888 ultra
577 824 655 889 nihil
678 827 825 905 quaeras!
857 824 973 889 sufficit
995 829 1025 890 te
1052 827 1155 911 legere
1184 827 1266 908 quod
1288 827 1320 891 in

137 951 150 989 a
179 945 297 992 canone
320 928 471 992 scribtum
495 931 551 992 est.
592 928 687 993 Cuius
716 930 842 1010 quidem
866 929 970 994 uerbis
997 931 1087 995 facile
1107 932 1235 1015 ingenio
1262 931 1320 996 hu-

178 1051 289 1096 manae
320 1036 450 1098 naturae
482 1051 560 1115 qnae
584 1035 681 1097 otium
705 1034 810 1116 potius
834 1052 929 1116 quam
951 1034 1093 1100 laborem
1114 1036 1244 1117 requirit
1266 1036 1320 1100 ad-

178 1156 347 1220 surgerem,
372 1138 431 1202 nisi
454 1157 505 1201 me
525 1137 627 1202 Lucae
643 1135 651 1224 ll
667 1139 878 1222 euangelistae
900 1139 1116 1204 testimonium
1138 1145 1320 1225 perurgeret
1344 1147 1382 1201 69

177 1242 306 1306 dicentis
335 1243 367 1306 in
399 1242 519 1307 actibus
551 1244 776 1325 apostolorum:
811 1242 1037 1327 addiscipuli
1067 1245 1207 1328 pariter
1238 1263 1318 1309 con-

176 1346 349 1412 terebant
372 1348 470 1412 inter
495 1367 532 1411 se
548 1346 773 1427 scribturas,
798 1348 829 1410 si
844 1347 899 1411 ita
914 1352 1028 1428 esset,
1053 1349 1318 1429 quemadmodum

136 1451 298 1515 rolocutus
325 1452 428 1516 fuerat
451 1452 490 1516 ad
514 1471 566 1516 eos
587 1453 716 1532 Paulae,
741 1455 772 1516 et
795 1469 832 1516 aa
855 1469 987 1533 quorum
1011 1452 1223 1536 cognitionem
1246 1455 1317 1518 uolo

175 1556 392 1620 testimonium
412 1556 594 1640 prophetiae
614 1557 647 1620 in
669 1574 787 1620 canone
803 1557 960 1638 accepisse
977 1574 1139 1641 cognosco.
1165 1555 1316 1639 Quamuis

175 1662 261 1724 enim
283 1662 401 1725 crimen
426 1662 467 1725 sit
490 1661 669 1744 apostolicis
694 1679 756 1725 non
773 1660 941 1725 credidisse
958 1660 1165 1742 sermonibus
1190 1667 1318 1727 nonest

174 1771 281 1831 tamen
309 1765 498 1830 damnabilis
530 1767 640 1849 culpae
670 1764 906 1830 firmamentum
934 1764 1005 1828 fidei
1030 1766 1218 1847 scriptorum
1245 1785 1316 1850 pro·

174 1870 300 1935 batione
331 1875 510 1935 construere
542 1875 573 1936 et
603 1871 682 1943 nihil
712 1871 745 1934 in
777 1887 838 1952 quo
868 1888 925 1934 nos
958 1869 1097 1934 infirmes
1125 1871 1315 1955 redarguitio

134 1999 159 2037 15
174 1976 289 2040 diaboli
311 1977 408 2040 faciat
429 1995 600 2040 reseruare.
634 1976 744 2039 Potuit
767 1975 851 2039 enim
876 1992 977 2038 sermo
1001 1975 1138 2056 diuinus,
1167 1976 1315 2057 quoniam

174 2081 272 2164 ipsius
296 2085 363 2145 erat
386 2100 478 2145 omne
503 2080 584 2163 quod
608 2080 737 2161 dixerat,
758 2077 762 2164 Ι
783 2084 946 2161 tamquam
971 2078 1009 2144 ab
1034 2099 1066 2144 se
1098 2081 1228 2161 loquens
1253 2099 1314 2146 non

174 2184 326 2249 scribtum
350 2185 388 2249 ab
413 2186 473 2249 alio
497 2186 609 2265 dicere,
634 2185 687 2248 sed
711 2204 746 2248 ex
771 2204 803 2248 se
826 2184 893 2268 ipse
909 2184 1061 2267 proferre3
1086 2184 1191 2248 dicens
1209 2189 1313 2249 autem

174 2290 326 2354 scribtum
339 2309 417 2371 esse,
434 2289 610 2354 necessario
622 2308 797 2373 proponens
812 2287 901 2353 nobis
917 2289 1043 2372 legendi
1059 2289 1313 2370 sollicitudinem,

173 2400 204 2459 et
231 2413 321 2459 suam
351 2396 389 2459 de
420 2414 480 2477 quo
503 2395 696 2479 profetatum
718 2394 821 2458 fuerat
843 2393 977 2477 gloriam
1000 2398 1031 2458 et
1059 2394 1143 2458 illius
1168 2394 1221 2475 qui
1243 2411 1315 2476 pro-

131 2522 157 2560 no
172 2501 327 2564 fetauerat
357 2499 496 2564 debitam
526 2499 703 2582 posteritati
729 2499 865 2582 gratiam
895 2516 957 2562 non
986 2498 1101 2561 omisit,
1140 2498 1206 2582 Ego
1230 2502 1313 2562 certe

172 2606 253 2669 inter
270 2610 418 2687 utrosque
434 2605 576 2687 utrisque
600 2603 746 2669 debitor
770 2622 864 2683 sum,
888 2608 924 2668 nt
947 2606 978 2666 et
1000 2603 1091 2666 illum
1115 2604 1168 2684 qui
1192 2604 1230 2668 ad
1247 2622 1314 2666 me-

172 2710 304 2774 moriam
328 2711 468 2775 diuinam
491 2710 696 2794 profetauerit
718 2710 822 2792 legam
846 2711 878 2772 et
901 2708 957 2772 deo
974 2708 1108 2772 credam.
1135 2707 1210 2787 Quis
1228 2708 1312 2774 enim

171 2832 234 2878 non
264 2816 435 2880 delectetur
466 2813 629 2880 Christum
658 2817 730 2878 ante
754 2813 879 2878 saecula
909 2830 971 2876 non
995 2831 1014 2876 a
1036 2812 1155 2896 paucis,
1187 2812 1241 2875 sed
1273 2812 1311 2875 alr

171 2920 317 2985 omnihus
348 2922 562 3005 prolatatum?
592 2923 649 2984 aut
679 2919 748 3001 quis
781 2919 906 2982 diuinae
930 2917 1158 3002 magnitudinis
1187 2922 1218 2982 et
1245 2922 1311 2982 tam

131 3046 157 3085 2⁵
171 3026 362 3089 incredibilis
385 3026 529 3089 miraculi
553 3026 646 3089 deum
670 3024 758 3088 nasci
780 3023 896 3087 habere
919 3026 951 3086 et
973 3023 1161 3106 uirginalem
1177 3025 1311 3086 metram

169 3132 202 3196 in
218 3128 227 3215 ll
242 3132 453 3195 ministerium
473 3130 572 3194 diuini
589 3129 677 3193 uerbi
693 3130 732 3192 ad
753 3128 991 3210 concipiendum
1008 3127 1058 3190 uel
1073 3127 1311 3209 parturientium
1338 3138 1375 3191 70

273 3263 289 3316 8
308 3259 341 3313 cf.
361 3260 420 3314 Act.
436 3263 476 3324 17,
492 3262 531 3315 ll.
621 3261 653 3314 21
674 3257 798 3311 ethlom.
814 3258 890 3320 1,14.

214 3396 226 3448 l
255 3392 399 3460 sumus]
428 3391 524 3445 modus
556 3390 741 3444 coniunctiuus
773 3387 916 3440 desiderari
948 3386 1062 3450 uidetur,
1095 3385 1139 3439 sed
1172 3385 1205 3440 cl,
1232 3389 1273 3451 50,
1298 3391 1309 3444 1

169 3501 185 3553 3
203 3501 265 3552 ante
285 3487 394 3579 fohem
419 3497 536 3550 deletum
559 3498 600 3549 est
623 3480 641 3554 δ
663 3497 762 3563 puncto
786 3491 962 3562 supcrposit03
985 3490 1124 3544 librarium
1146 3495 1311 3560 praepostere

170 3592 333 3674 orirentur
351 3604 512 3672 scripturum
530 3602 611 3656 fuisse
624 3601 718 3670 opinor
789 3601 804 3654 8
823 3597 900 3651 facile
919 3597 1018 3664 cogites
1032 3597 1064 3649 de
1083 3607 1125 3655 Ατ
1141 3579 1308 3677 hrs'crpulq

170 3710 202 3763 14
223 3709 415 3789 trequentes]
432 3707 486 3762 uid.
507 3725 587 3777 snpra
604 3709 714 3776 p.11,5
821 3705 854 3758 ro
875 3683 1119 3784 ipsos'sennt,
1147 3700 1199 3755 rra.
1231 3709 1250 3760 s
1274 3701 1311 3766 (in

168 3815 243 3878 sea)
261 3813 392 3867 exstincta
443 3795 549 3901 [roo-'j
564 3824 608 3870 no
621 3820 814 3886 scutorum,
829 3820 872 3867 oo
892 3807 938 3860 lin.
953 3806 1002 3860 del.
1057 3809 1088 3862 21
1112 3814 1310 3886 ornusque,

169 3971 295 4028 valtero
313 3970 371 4024 loco
389 3972 417 4025 in
445 3983 464 4030 o
494 3987 612 4025 conuers
683 3971 718 4024 24
737 3922 890 4026 οωΝΙὲυ
947 3967 980 4020 25
1010 3918 1311 4033 UtRCtNAieffIfflfi

167 4085 284 4154 thum,
308 4075 412 4130 litterae
437 4088 478 4136 ut
500 4077 577 4130 lineis
597 4075 697 4129 deletae
716 4076 791 4136 sunt3
813 4071 953 4126 librarium
973 4077 1125 4129 υῐεκυα)
1149 4068 1310 4136 scripturum

167 4179 247 4232 fnisse
265 4184 343 4249 putes
430 4184 465 4237 26
485 4163 722 4268 ϋΕκῦΙΙΝΙιΑᾸδ,
749 4191 793 4237 ΙΝ
815 4194 864 4232 ras.
884 4174 943 4239 del,
962 4173 1053 4227 littera
1070 4184 1116 4260 ΙΑ,
1133 4174 1193 4226 ante
1211 4171 1310 4226 lineam

166 4288 324 4356 proponitur
342 4289 405 4354 (fuit
425 4290 444 4355 t)
