2896 4808
541 930 945 1048 Personarum

474 1148 792 1233 rarorrrus
831 1149 1011 1232 arom

1327 1337 1419 1378 Wireeb.
1432 1336 1448 1376 s·

214 1416 397 1481 Sufficiebat
430 1416 555 1497 quidem
591 1414 789 1477 credentibus
824 1415 874 1477 dei
909 1432 1020 1494 sermo,
1056 1414 1109 1495 qui
1144 1413 1312 1496 apostolico
1338 1407 1392 1470 all

170 1522 350 1585 testimonio
382 1540 454 1583 cum
484 1521 553 1602 ipsa
579 1520 612 1582 in
643 1536 699 1582 nos
729 1519 872 1582 ueritatis
904 1520 1020 1582 uirtute
1051 1519 1230 1582 transfusus
1261 1516 1325 1581 alo-³

144 1627 359 1691 osolutionem
390 1625 465 1689 dicti
496 1626 528 1688 iu
551 1623 708 1706 parabolis
733 1624 885 1688 sermonis
908 1625 1031 1688 edocuit
1057 1624 1180 1687 dicente
1202 1623 1315 1686 Paulo:

170 1749 282 1814 pasca
315 1734 483 1795 nostrum
517 1713 721 1792 inmolatus
753 1731 810 1792 est
841 1729 1030 1803 Christum
1065 1728 1120 1792 sed
1151 1728 1224 1810 quia
1253 1745 1316 1790 non

172 1835 280 1899 statim
315 1834 501 1918 significatio
535 1832 710 1896 risibilium
744 1836 776 1897 et
807 1832 1008 1896 efficientiam
1038 1851 1144 1896 rerum
1175 1835 1206 1896 ct
1235 1834 1316 1895 tem-

170 1959 281 2022 porum
312 1939 612 2002 demonstrationem
643 1942 674 2012 et
705 1937 875 2020 dispositae
905 1938 937 2000 in
966 1955 1024 2001 nos
1057 1940 1188 2001 naturae
1222 1936 1315 2000 intel·

170 2045 342 2127 legentiam
365 2045 621 2125 conpraehendit,
644 2034 719 2107 lieet
735 2042 914 2124 conparatio
938 2045 1134 2106 terrenorum
1157 2041 1196 2105 ad
1219 2040 1313 2103 deum

131 2169 157 2206 10
171 2151 259 2213 nulla
275 2150 326 2229 sit,
343 2152 459 2230 tamen,
476 2149 550 2230 quia
565 2150 684 2212 omnis
706 2144 918 2232 scripturali
934 2147 1313 2229 interpraetationem
1338 2158 1377 2211 92

171 2254 319 2337 indiget
341 2256 372 2316 et
395 2255 553 2317 humanae
570 2254 805 2337 intellegentiae
828 2252 995 2316 infirmitas
1012 2252 1096 2335 cogit
1118 2270 1223 2315 rerum
1244 2270 1314 2333 spe-

170 2359 233 2422 cies
268 2362 463 2422 terrenarum
497 2362 661 2440 tamquam
696 2358 891 2440 superiorum
927 2357 1045 2420 indices
1080 2374 1245 2438 quaerere,
1280 2359 1316 2419 ut

170 2463 344 2526 uisibilium
379 2463 604 2527 consuetudine
638 2463 836 2527 familiariter
876 2463 1063 2525 admonente
1098 2461 1137 2524 ad
1170 2460 1315 2524 insolitos

274 2604 290 2655 6
314 2600 336 2654 I.
355 2599 414 2654 Cor.
432 2605 456 2664 5,
474 2605 497 2656 7.
600 2604 632 2656 lo
656 2601 693 2655 ΙΙ,
712 2601 782 2655 Petr.
803 2603 825 2664 1,
843 2603 889 2664 20;
916 2601 1092 2668 Balarorum,
1107 2601 1182 2669 pros.
1201 2600 1248 2668 sto.
1274 2598 1314 2652 ed.

168 2688 259 2756 llligne
279 2692 320 2751 20,
335 2687 438 2744 roalA.

273 2823 289 2875 3
307 2821 447 2888 Hilarior,
467 2822 498 2874 de
516 2822 580 2874 trio,
600 2822 644 2875 lib.
659 2822 743 2888 11,1.·
766 2819 923 2873 Sufficiebat
946 2818 1054 2886 quidem
1079 2817 1249 2871 credentibus
1274 2817 1316 2871 dei

169 2925 263 2973 sermo,
287 2908 333 2976 qui
355 2908 384 2961 in
407 2925 482 2961 aures
506 2910 609 2961 nostras
632 2907 812 2976 euangelistae
840 2907 992 2960 testimonio
1020 2923 1081 2959 cum
1109 2905 1168 2975 ipsa
1194 2905 1316 2959 ueritatm

169 3013 230 3048 suae
249 2996 350 3048 uirtute
369 2995 520 3048 transfusus
543 2998 591 3058 est,
611 3012 672 3048 cum
692 2995 758 3048 dicit
777 2994 901 3047 dominus
920 2993 1022 3047 ‘euntes
1041 3010 1062 3046 e.
1081 3009 1105 3060 q.
1119 2992 1162 3056 s';
1184 2993 1317 3048 Faustini

168 3084 213 3151 fid.
237 3083 338 3151 (Migne
363 3085 402 3145 13,
421 3083 476 3150 tol:
500 3081 656 3136 Sufficiebat
677 3082 744 3135 fides
768 3082 918 3150 conscripta
942 3080 1013 3149 apud
1036 3081 1163 3134 Nicaeam
1183 3122 1188 3133 .
1208 3122 1212 3134 .
1232 3121 1246 3144 .‚
1270 3079 1317 3132 sed

169 3171 231 3237 quia
249 3173 297 3223 etc.
370 3171 543 3238 lHilorioo,
561 3171 634 3225 ibid:
656 3187 718 3222 nam
738 3174 764 3224 et
787 3169 930 3223 uerborum
952 3168 1189 3236 significationem
1207 3170 1234 3221 et
1274 3167 1316 3220 ffi-

169 3257 294 3310 cientiam
313 3274 401 3309 rerum
421 3260 448 3310 et
466 3256 636 3325 negotiorum
654 3257 775 3310 ordinem
793 3260 821 3310 et
839 3260 949 3309 naturae
967 3254 1179 3324 intellegentiam
1198 3271 1316 3324 compre-

168 3345 297 3398 hendunt.
386 3349 402 3399 9
426 3347 565 3413 Hilarius,
588 3346 621 3400 de
643 3347 707 3400 trio.
732 3347 777 3400 llo.
801 3347 864 3413 I‚o.
882 3349 931 3398 19.-
953 3343 1115 3412 comparatio
1139 3343 1210 3396 enim
1234 3345 1317 3396 terre·

169 3447 264 3484 norum
290 3431 323 3483 ad
347 3431 426 3484 deum
447 3431 522 3484 nulla
540 3435 592 3495 est;
615 3432 649 3485 cf.
666 3434 780 3501 maa
857 3434 887 3486 11
912 3433 1051 3499 Hilarius,
1070 3431 1151 3486 ibid:
1173 3430 1317 3484 infirmitas

169 3521 274 3572 nostrae
293 3518 491 3587 intellegentiae
510 3519 582 3587 cogit
600 3519 699 3588 species
718 3519 848 3586 quasdam
860 3535 891 3571 ex
903 3517 1074 3571 inferioribus
1087 3520 1225 3586 tamquam
1239 3535 1316 3587 supe-

169 3606 270 3658 riorum
282 3605 384 3658 indioes
402 3621 534 3672 quaerere,
553 3609 584 3659 ut
602 3623 691 3659 rerum
709 3605 885 3658 familiarium
904 3604 1095 3658 consuetudine
1108 3605 1268 3658 admonente
1287 3622 1317 3658 er

170 3709 261 3744 sensus
285 3692 369 3744 nostri
389 3691 551 3745 conscientia
570 3692 604 3746 ad
622 3692 724 3746 insoliti
743 3709 835 3746 sensus
854 3692 1006 3761 opinionem
1025 3692 1206 3746 educeremur.

213 3824 228 3876 2
251 3821 312 3875 Uid.
338 3821 560 3891 subscriptionem
583 3826 713 3877 tractatus
737 3823 824 3891 quinti
913 3826 929 3878 3
952 3823 1034 3877 uerba
1058 3833 1315 3906 ΞΗΠΙΕΙΕὸΑῙ-

169 3907 322 3986 uestros&
341 3929 394 3979 tres
413 3942 505 3980 uersus
525 3926 686 3995 complentia
703 3927 784 3980 rubro
803 3927 889 3981 colore
908 3931 1013 3982 exarata
1030 3931 1094 3982 sunt
1164 3931 1180 3984 8
1199 3933 1256 3982 erat
1275 3919 1316 3990 δε

171 4013 524 4109 moro'smuuoroeo),
554 4048 619 4086 eorr.
648 4048 718 4085 man.
747 4031 761 4084 I
895 4023 1107 4116 dispositae,
1135 4033 1188 4088 litt.
1218 4044 1237 4094 ε
1265 4051 1315 4088 ras.

170 4134 292 4187 corrasa?
365 4138 398 4199 ra
417 4127 750 4205 corosoemoooem]
767 4136 821 4191 uro.
836 4154 915 4207 supra
928 4141 952 4201 5,
965 4141 994 4201 r;
1006 4140 1048 4201 25,
1064 4141 1108 4202 ra
1121 4141 1163 4203 ao,
1176 4141 1205 4202 a
1218 4141 1259 4203 ao,
1272 4141 1316 4204 133

171 4241 211 4304 73,
227 4242 258 4296 15
278 4242 304 4296 et
324 4243 356 4299 16
447 4233 652 4333 tresolltolsp
673 4241 726 4296 fuit
746 4234 914 4308 casotum
934 4241 967 4300 of.
981 4245 1022 4311 ol,
1037 4246 1064 4310 13
1084 4245 1125 4310 94,
1139 4246 1180 4304 23.
