2896 4808
643 387 811 438 tractatus
828 385 861 438 X.
1262 368 1322 431 101

180 563 214 606 se
237 543 469 625 protestationis
490 542 686 625 expenderet,
710 546 747 606 ut
768 543 938 626 proteticus
955 562 1057 607 sermo
1082 545 1180 607 semel
1194 544 1326 624 loquens

180 650 212 711 et
241 647 301 710 dno
324 647 509 729 praedicans
540 647 765 712 exultationem
789 648 901 711 saluati
928 648 1064 712 heminis
1086 649 1119 711 in
1143 646 1267 712 Christo
1296 651 1327 711 et

179 751 313 834 gloriam
329 749 446 816 Christi
467 753 500 815 in
522 751 649 816 homine
672 751 866 817 triumfantis
889 753 977 816 uelut
993 770 1178 835 germanum
1202 751 1325 834 insigne

179 856 400 920 circumferens
417 857 456 920 ad
479 857 650 920 doctrinam
666 860 792 920 nostrae
816 856 1157 939 eruditionisaperiret,
1180 859 1226 936 ut,
1250 855 1325 918 dum

138 986 152 1025 5
179 964 360 1024 sanctorum
390 964 479 1044 gesta
510 962 736 1043 cognoscimus,
767 961 962 1044 triumphum
989 957 999 1045 ll
1024 961 1125 1025 bonae
1154 961 1239 1024 uitae
1270 961 1324 1024 ab·
1350 970 1409 1024 139

179 1067 281 1130 soluta
297 1066 450 1131 dictomm
466 1066 696 1148 dispensatione
712 1070 886 1131 teneamus
915 1064 1052 1130 Sicima
1067 1083 1212 1149 namque,
1236 1065 1324 1128 cuius

178 1170 316 1233 diuisio
338 1170 489 1252 gaudium
508 1170 643 1235 hominis
660 1175 691 1234 ct
706 1168 821 1235 Christi
838 1173 896 1250 est,
921 1169 1219 1252 alienigenarum
1242 1171 1326 1232 terra
1354 1182 1355 1186 ’
1397 1182 1398 1188 ’

177 1274 342 1357 regionum
359 1278 416 1354 est,
437 1274 491 1338 nbi
507 1274 599 1339 Iacob
617 1275 708 1338 electi
723 1275 858 1339 hominis
875 1273 940 1338 filia
954 1273 1180 1357 praetereuntis
1196 1273 1324 1337 iteneris

178 1379 362 1443 occansione
378 1382 528 1461 correpta,
553 1378 627 1444 dum
646 1379 807 1443 oculorum
822 1378 944 1443 nisibus
960 1381 1051 1462 capta
1067 1378 1169 1442 aliena
1184 1378 1324 1458 miratur,

139 1508 164 1548 ro
179 1487 211 1548 et
233 1484 324 1548 electi
339 1485 462 1567 generis
486 1483 672 1567 dignitatem
695 1487 727 1548 et
741 1484 873 1566 gloriam
896 1483 1085 1567 uirginitatis
1105 1483 1220 1562 amisit,
1244 1497 1324 1564 quac

177 1591 209 1652 in
225 1588 396 1652 uindictam
413 1589 558 1653 facinoris
575 1588 705 1652 admissi
720 1589 829 1671 punita
844 1588 993 1652 diuiditur
1009 1591 1041 1652 et
1056 1588 1096 1650 ad
1109 1586 1324 1652 testimonium

179 1694 357 1775 memoriae,
381 1693 510 1774 nequid
534 1693 597 1757 tale
621 1693 671 1756 dei
692 1694 825 1774 populus
848 1693 881 1755 in
904 1692 1013 1756 alienis
1028 1689 1226 1776 ,iolcum-eret,
1250 1690 1324 1754 sub-

178 1799 312 1881 iugatur.
351 1797 476 1861 Eiram
507 1801 543 1867 et
572 1796 767 1861 Manasses
799 1797 858 1860 duo
888 1797 1002 1879 Ioseph
1035 1796 1135 1869 sancti
1164 1794 1220 1859 filii
1250 1796 1324 1859 sunt

177 1921 254 1984 quos
278 1901 443 1984 subiugato
467 1902 525 1973 sibi
548 1900 692 1985 Aegypto
714 1903 746 1965 in
773 1897 1137 1965 fecunditatem'subolis
1160 1903 1323 1980 tamquam

137 2037 163 2077 15
178 2008 217 2071 ad
239 2007 377 2071 fructum
400 2005 557 2090 perfectae
587 2007 703 2070 meruit
729 2006 879 2071 ueritatis.
919 2003 1193 2076 Galaadhorum
1217 2002 1323 2086 primi-

177 2113 243 2176 tiua
257 2111 410 2194 possedit3
435 2130 471 2175 ex
485 2111 597 2192 Iuda,
611 2111 693 2175 unde
708 2130 771 2174 rex
786 2111 954 2192 quaeritur,
978 2110 1055 2174 deus
1072 2112 1165 2173 natus
1181 2109 1214 2172 in
1230 2126 1322 2172 carne

176 2220 234 2298 est,
258 2219 291 2280 et
313 2216 386 2297 quia
400 2215 487 2279 Ruth
502 2214 682 2280 Moabitidis
706 2215 941 2298 perseuerantia
956 2213 1028 2278 fidei
1043 2213 1184 2278 diuinum
1200 2213 1233 2276 in
1250 2231 1323 2277 con·

175 2321 316 2405 captibus
331 2339 431 2403 genus
449 2320 575 2400 meruit,
592 2318 699 2383 Moab
717 2319 1100 2402 speitabernaculum
1112 2321 1321 2401 nuncupatur.

175 2426 327 2489 Idumea
350 2427 433 2488 terra
463 2423 610 2507 perfidiae
634 2428 690 2505 est,
721 2423 775 2488 ubi
798 2425 1085 2488 calciamentum
1108 2419 1116 2507 ll
1139 2422 1237 2487 diuini
1263 2422 1321 2486 ite·
1347 2440 1407 2495 140

135 2531 257 2601 nonoris
282 2530 503 2594 extenditur.
535 2527 685 2593 Allofili
707 2529 739 2592 in
763 2528 990 2594 absolutionem
1013 2546 1103 2592 arcae
1127 2527 1243 2592 domini
1265 2527 1322 2591 de-

174 2636 273 2700 uicto
297 2635 426 2718 Dagon
448 2633 547 2698 idolo
563 2633 675 2697 diuinis
699 2631 1143 2716 apparatibussubiugantur·
1165 2631 1227 2695 Per
1242 2650 1321 2712 quae

173 2741 322 2805 uniuersa
344 2738 501 2803 doctrinae
525 2741 649 2802 nostrae
672 2739 749 2802 ratio
781 2757 814 2801 se
838 2738 969 2801 tendens
993 2755 1070 2819 opus
1098 2737 1147 2800 dei
1171 2737 1320 2800 saluantis

173 2847 205 2910 in
226 2845 352 2910 Christo
369 2848 401 2908 et
424 2843 607 2908 sanctificati
622 2844 757 2908 hominis
780 2844 839 2908 iter·
855 2847 1018 2925 monstrat,
1033 2843 1191 2925 -quoniam
1207 2841 1321 2911 Sicima

173 2950 308 3014 uincitur
339 2953 370 3013 et
400 2947 730 3012 tabernaculorum
761 2948 951 3012 conuallia
981 2948 1163 3029 metiuntur,
1198 2948 1225 3011 si
1255 2966 1321 3011 cre·

133 3082 160 3122 25
174 3054 321 3118 dentibus
345 3053 434 3118 nobis
458 3056 531 3120 nato
554 3072 609 3136 per
636 3053 791 3135 uirginem
814 3051 937 3121 Christo
961 3055 993 3115 et
1015 3070 1062 3132 ea,
1092 3070 1172 3133 quae
1195 3059 1320 3135 corrup*

173 3160 254 3223 telae
277 3176 371 3222 causa
395 3158 520 3238 exstitit,
544 3157 811 3240 concupiscentiae
828 3157 961 3222 carnalis
978 3160 1091 3221 natura
1113 3152 1266 3241 uincaltur
1290 3160 1321 3220 et

277 3327 293 3378 6
315 3323 359 3376 Ps.
378 3326 419 3387 59,
437 3326 461 3379 8.
477 3325 516 3378 10.
597 3325 613 3378 8
631 3320 712 3375 Iacob
731 3364 735 3373 .
756 3365 761 3373 .
779 3320 846 3389 filia]
866 3320 945 3384 Dina,
965 3320 997 3374 cf.
1012 3319 1077 3374 Gen.
1092 3321 1125 3375 34
1143 3322 1170 3373 et
1187 3317 1272 3373 Iudic.
1287 3321 1319 3375 19

172 3411 273 3479 (u29).
333 3412 366 3465 13
383 3410 428 3463 Ps
442 3412 483 3472 59,
497 3411 520 3464 9.
577 3406 747 3464 15.16ibid.
804 3410 834 3463 17
849 3407 881 3461 cf.
894 3408 1056 3471 authari.
1113 3409 1145 3463 18
1163 3407 1263 3470 Pasa,
1278 3408 1317 3462 10.

172 3501 206 3554 20
224 3497 288 3552 ibid.
308 3497 369 3564 (see.
382 3496 468 3565 Ital.);
487 3499 527 3559 55,
543 3500 565 3551 l.
620 3495 726 3549 deuicto
739 3494 801 3564 etc]
814 3495 835 3548 Ι.
848 3495 912 3562 Reg.
927 3497 951 3558 5,
965 3497 1040 3550 2-7.
1095 3496 1129 3549 24
1141 3494 1185 3547 Ps.
1200 3495 1240 3556 59,
1254 3496 1278 3549 8.

216 3683 232 3736 3
253 3664 454 3757 maternae,
475 3689 501 3738 Α
519 3678 565 3733 lin.
585 3682 612 3732 et
629 3681 730 3748 puncto
750 3678 799 3732 del.
855 3634 1220 3754 lairemr'eerseAaom,
1243 3686 1263 3738 ε
1280 3677 1318 3744 (in

174 3787 239 3852 Νε)
256 3785 302 3839 lin.
322 3784 373 3838 del.
444 3787 460 3840 8
476 3765 962 3868 panetea'eurxrtesttetceatsl
977 3781 1009 3835 cf.
1024 3780 1106 3844 Neue,
1118 3781 1176 3835 Lat.
1190 3780 1318 3835 Formen-

160 3943 244 3996 lehre
262 3941 285 4005 Ι,
299 3943 347 3998 187
420 3944 435 3996 9
455 3923 710 4007 occardsrotoel
728 3939 761 3993 ci.
775 3939 933 4002 Brambach‚
945 3937 1071 4007 Orthogu
1082 3940 1134 3994 266
1180 3941 1211 3993 12
1232 3893 1315 4020 &ffb

222 4027 423 4132 urelsonner,
440 4045 472 4099 ef.
483 4047 589 4108 aeae
598 4047 644 4108 ah
658 4047 699 4108 nl,
711 4046 743 4099 14
757 4044 789 4097 ar.
857 4046 888 4099 17
913 4043 986 4097 norun
1005 4046 1071 4097 mut.
1091 4044 1120 4096 in
1143 4052 1315 4101 <coaetos

171 4207 202 4259 er
230 4160 329 4281 stoli,
356 4213 375 4260 o
398 4202 426 4255 in
449 4200 540 4255 uocas.
565 4201 617 4255 une
639 4200 685 4254 nn.
706 4200 756 4254 uer.
846 4202 879 4255 24
904 4192 1121 4287 cosonttpp
1218 4201 1250 4255 25
1275 4183 1315 4258 ct

171 4317 297 4389 aquae
395 4298 673 4389 consepseris,
694 4315 720 4364 a
737 4304 776 4372 (in
794 4306 867 4372 τΑε)
884 4305 930 4358 lin.
951 4307 977 4358 et
994 4306 1093 4373 puncto
1113 4302 1162 4356 del.
