2896 4808
207 354 299 412 XLVI

204 523 411 631 pibliothecae
427 523 698 608 Wircebmgensis
713 524 900 607 praefectus,
925 524 978 606 qui
998 528 1033 589 ut
1049 523 1188 589 codicem
1204 525 1351 608 11111111-

206 626 376 692 scriberem
398 628 573 709 totiensque
598 628 736 711 singulos
759 629 843 692 locos
866 628 1053 711 inspicerem
1079 630 1171 694 facile
1193 631 1349 713 permisit,

206 730 381 796 Guilelmus
405 732 446 796 de
470 733 604 796 Hartel
627 733 674 795 uir
697 751 841 795 summus
865 736 896 796 et
918 731 1045 797 Samuel
1066 734 1207 798 Brandt
1229 735 1350 799 amicus

204 835 535 916 beneuolentissimus,
574 836 626 917 qui
663 836 696 899 in
731 836 920 920 corrigendis
958 837 1093 920 plagulis
1132 857 1183 901 me
1222 839 1350 903 adiuue-

205 943 289 1020 runt,
311 939 513 1004 Hermannus
536 939 706 1004 Roensch
729 940 778 1003 uir
801 939 1002 1021 uenerabilis,
1026 943 1088 1023 qui,
1112 960 1183 1005 oum
1206 943 1238 1006 in
1262 948 1350 1008 tanta

206 1043 390 1108 citationum
418 1043 606 1108 biblicamm
636 1045 719 1109 mole
749 1063 789 1108 11
816 1063 867 1109 me
897 1045 1053 1128 fugissent
1081 1062 1204 1110 uererer
1232 1047 1350 1129 aliquot

204 1148 274 1228 loci,
299 1148 512 1231 duodeuiginti
534 1149 617 1213 locos
634 1149 712 1213 mihi
726 1148 874 1212 indicauit
897 1167 981 1213 ame
998 1152 1090 1213 antea
1112 1151 1349 1233 praetermissos

206 1248 306 1332 (uelut
325 1251 379 1315 IV.
396 1252 485 1316 111111.
511 1270 577 1334 cap.
598 1251 661 1336 14),
685 1251 812 1317 Samuel
826 1253 967 1337 Berger
990 1256 1021 1317 et
1036 1254 1216 1319 Theodorus
1232 1256 1348 1337 Zahn,

204 1355 258 1436 qui
284 1356 324 1419 ad
350 1356 547 1436 quaestiones
575 1355 706 1420 biblicas
729 1357 808 1420 mihi
835 1358 1072 1441 responderunt,
1095 1357 1238 1424 Adamus
1262 1361 1348 1425 deni-

204 1477 264 1539 que
286 1459 466 1539 Eussner,
489 1460 538 1523 uir
560 1461 766 1524 humanitatis
790 1461 929 1524 eximiae.

248 1562 364 1642 Quodsi
387 1567 589 1628 cunctantem
612 1583 662 1627 me
687 1566 717 1627 ct
733 1565 886 1646 quaedam
909 1565 1035 1648 incepta
1057 1567 1157 1649 magis
1174 1585 1269 1648 quam
1293 1569 1348 1633 11-

204 1667 307 1730 soluta
329 1686 398 1730 esse
424 1668 660 1751 intellegentem
687 1687 750 1732 non
777 1668 869 1751 pauci
896 1673 1086 1734 monuerunt
1112 1671 1173 1734 uiri
1196 1672 1289 1753 docti,
1313 1676 1349 1737 ut

203 1775 321 1852 quanta
349 1790 475 1855 possem
505 1774 663 1837 celeritate
694 1791 774 1855 quae
808 1773 1001 1838 inuenissem
1032 1775 1166 1857 ederem,
1201 1777 1347 1858 equidem

203 1876 347 1957 quamuis
364 1895 456 1958 saepe
472 1877 639 1959 impeditus
655 1877 796 1941 muneris
812 1877 929 1959 publici
948 1879 1100 1962 angustiis
1116 1883 1224 1944 tamen
1240 1883 1348 1964 negle-

202 1999 275 2062 gere
301 1981 334 2044 id
356 1981 520 2044 consilium
543 1981 628 2044 nolui
656 1981 768 2046 ethan
795 2001 867 2047 mea
889 1983 1023 2048 editione
1050 1985 1189 2068 principe
1218 1986 1347 2068 eiusque

203 2085 436 2148 commentariis
460 2087 492 2148 et
506 2083 660 2148 indicibus
676 2085 768 2149 firma
783 2086 895 2150 saltem
911 2087 1116 2152 fundamenta
1139 2092 1169 2152 et
1185 2089 1347 2154 substruc-

202 2187 322 2251 tionem
344 2187 439 2251 fidam
455 2207 505 2251 me
526 2207 723 2270 comparasse
740 2209 840 2273 spero,
863 2191 1024 2272 inquibus
1048 2192 1180 2257 aliorum
1195 2193 1346 2258 insistant

203 2293 234 2354 et
249 2290 466 2374 theologorum
490 2294 521 2355 ct
536 2292 766 2376 philologorum
790 2295 901 2358 studia.
947 2295 1082 2359 Prodcat
1106 2297 1203 2380 igitur
1227 2301 1344 2378 auctor,

202 2412 296 2475 quem
322 2398 389 2459 tam
415 2396 510 2478 longa
532 2399 650 2461 texerat
673 2398 799 2479 obliuio,
825 2399 1037 2482 propitiosque
1064 2400 1204 2465 inueniat
1225 2402 1343 2466 iudices

203 2500 234 2561 et
257 2499 317 2562 1111
340 2502 371 2563 11
394 2500 512 2564 editori.

247 2704 429 2770 Scribebam
452 2707 650 2791 Wirceburgi
673 2728 780 2772 mense
803 2709 948 2793 Augusto
972 2729 998 2775 a.
1019 2709 1111 2776 1888.

936 2983 1102 3087 Georgius
1129 2985 1288 3088 Sohepss.
