2896 4808
150 326 191 390 16
617 342 825 396 susurnam

150 503 390 585 depraehendat,
414 503 487 584 quid
511 503 549 566 ad
573 503 790 567 distrueudum
813 521 891 585 opus
915 495 1024 566 mu'ndi
1047 504 1201 586 castigato
1231 522 1299 568 eor-

149 625 223 689 pore
253 608 285 671 in
310 627 434 671 crucem
464 606 519 690 figi
540 605 719 691 (oporteat),
744 607 819 688 quid
848 607 1076 671 inmaculatum
1107 607 1139 670 in
1173 627 1206 671 se
1240 610 1297 672 deo

149 712 255 792 tribui,
279 713 363 794 quid,
381 713 453 794 quia
469 711 636 776 diuinum
655 711 805 775 habitat
827 712 864 774 iu
887 711 1004 791 nobie,
1028 711 1213 794 inpassibile
1232 733 1296 777 ser-

150 819 226 897 uari,
249 822 294 898 ut,
319 819 399 881 sicut
416 817 671 900 supradiximus,
695 835 822 898 corpore
839 816 946 879 anima
969 819 1000 879 et
1024 817 1135 898 spiritu
1159 819 1296 882 triformi

149 923 181 985 in
206 922 262 986 deo
294 941 386 1005 opere
409 922 537 1005 perfecti
568 922 784 1003 adinpleamus
808 921 889 1002 quod
921 920 1074 984 scribtum
1099 926 1147 985 cst
1170 923 1295 988 dicente
1321 939 1333 978 ⁵

65 1037 124 1089 102
148 1027 260 1090 Paulo:
286 1027 384 1090 sieut
399 1027 625 1090 exhibuistis
643 1025 808 1088 membra
830 1028 957 1088 uestra
973 1026 1117 1089 seruire
1134 1023 1295 1112 1111111111-

149 1131 264 1195 ditiae
281 1130 323 1194 ad
339 1131 592 1212 iniquitatem,
609 1131 661 1194 ita
676 1149 773 1194 nunc
790 1130 967 1193 exhibete
984 1130 1149 1194 membra
1165 1136 1297 1197 uestra

149 1238 290 1300 seruire
314 1237 484 1300 iustitiae
507 1237 543 1298 iu
568 1235 926 1315 sanctificationem,
951 1236 1127 1317 quoniam
1151 1238 1296 1320 stipen-

149 1342 208 1404 dia
237 1341 381 1424 peccati
413 1360 510 1405 mors
535 1344 602 1421 est,
632 1341 756 1423 gratia
785 1342 909 1403 autem
940 1340 998 1404 dei
1029 1341 1108 1405 uita
1138 1346 1296 1408 aeterna

149 1448 184 1509 in
209 1445 357 1511 christo
379 1447 465 1509 Iesu
489 1445 636 1509 domiuo
660 1449 796 1509 nostro.
1308 1462 1332 1499 10

191 1551 231 1614 ut
260 1551 328 1615 ideo
359 1551 515 1615 intuentes
539 1551 570 1613 in
593 1550 682 1614 uobis
706 1550 820 1630 omnia,
851 1551 996 1630 quamuis
1028 1550 1295 1633 dispensationem

148 1655 355 1719 mundialium
384 1674 490 1719 rorum
514 1655 662 1718 alterutro
686 1657 817 1718 naturae
849 1672 923 1717 suae
946 1657 1035 1718 motu
1059 1656 1198 1738 speciosa
1221 1675 1295 1722 con·

147 1760 274 1824 mendet
293 1760 441 1842 operatio,
464 1763 581 1839 tamen,
606 1759 679 1841 quia
693 1759 788 1822 totius
810 1761 969 1822 creaturae
985 1778 1113 1822 sensum
1128 1761 1224 1844 louge
1239 1781 1294 1826 ne·

147 1883 233 1928 cesse
257 1865 365 1928 estad
389 1865 521 1948 gloriam
544 1864 709 1946 praecedat
732 1867 884 1946 operator,
909 1864 1019 1927 scitote
1044 1864 1116 1944 quia
1139 1865 1218 1930 nihil
1238 1863 1292 1951 inl

147 1969 326 2033 huiusmodi
347 1987 403 2052 pro
427 1989 461 2033 se
484 1969 560 2032 deus
577 1969 691 2052 aeguit,
708 1967 773 2048 sed,
790 1968 863 2049 quia
877 1968 1025 2031 homine
1042 1968 1197 2051 decepto
1213 1971 1332 2035 diui-15

147 2093 257 2138 norum
271 2093 400 2157 operum
414 2074 590 2156 simplicem
606 2072 841 2155 dispositionem
856 2073 923 2136 loco
939 2076 1078 2156 tempore
1096 2093 1228 2138 numero
1245 2076 1295 2140 die

147 2179 393 2242 mensuratione
418 2179 551 2242 diuisam
575 2177 776 2241 daemoniaca
790 2177 945 2241 idolorum
968 2181 1080 2241 natura
1099 2179 1295 2261 confuderat,

147 2284 222 2346 dum
232 2282 420 2346 incertorum
433 2284 561 2346 deorum
573 2282 709 2346 familias
723 2282 923 2346 introducens
937 2281 1295 2348 incommunicabile

147 2387 205 2450 dei
228 2407 360 2452 nomeu
377 2387 485 2451 diebus
502 2388 663 2451 mensibus
680 2387 843 2470 pecoribus
861 2387 1039 2450 uolneribus
1056 2388 1173 2471 liguis
1191 2392 1229 2452 et
1243 2390 1295 2452 la-

145 2492 295 2575 pidibus
319 2492 468 2556 adscribit
491 2495 644 2573 eratque
668 2493 731 2556 tale
754 2492 825 2555 fidei
848 2492 1000 2572 bellum,
1023 2495 1059 2556 ut
1081 2492 1190 2566 relicto
1213 2495 1333 2558 tantiae

63 2606 122 2658 103
147 2598 285 2661 muneris
302 2597 358 2661 deo
374 2615 535 2681 corporeas
552 2600 711 2660 creaturae
728 2596 1014 2679 conspicabilesque
1026 2597 1143 2660 formas
1155 2597 1189 2660 in
1203 2594 1295 2682 aelle-

146 2703 259 2766 mentis
276 2703 407 2766 terrenis
424 2705 456 2766 et
471 2702 657 2766 caelestibus
674 2702 849 2781 adorarent,
873 2701 993 2765 dicente
1009 2701 1047 2764 de
1070 2701 1118 2765 his
1135 2704 1293 2784 apostolo:

147 2810 381 2871 euauuerunt
394 2808 431 2871 in
447 2806 742 2890 cogitationibus
764 2806 841 2869 suis
859 2808 894 2869 et
910 2805 1150 2870 obscuratum
1168 2811 1225 2871 est
1240 2809 1295 2871 in-

146 2912 287 2993 sipiens
311 2930 372 2975 cor
389 2930 514 2975 eorum
531 2913 566 2974 et
581 2914 911 2974 commutauerunt
925 2910 1083 2993 gloriam
1099 2905 1294 2995 incorrup-

145 3016 269 3080 tibilis
293 3016 351 3080 dei
374 3017 410 3080 iu
434 3016 726 3080 similitudinem
745 3016 921 3099 imaginis
946 3015 1208 3098 corruptibilis
1231 3017 1333 3081 ho-ns

145 3121 256 3184 minis
274 3124 309 3185 et
324 3121 519 3185 uolucrum
535 3126 570 3185 et
586 3121 855 3204 quadripedum
872 3124 907 3184 et
923 3121 1166 3204 serpentium,
1182 3141 1294 3186 neces-

146 3226 226 3289 sario
258 3226 333 3289 deus
364 3228 470 3290 noster
499 3226 664 3308 religiosae
687 3226 861 3289 sententiae
885 3226 1013 3290 modum
1036 3229 1228 3308 temperans,
1258 3232 1295 3292 ut

249 3353 742 3417 3111111111111111.11411.
815 3354 925 3408 auom.
940 3357 964 3417 6,
979 3357 1018 3409 19.
1033 3357 1074 3409 23.
1134 3354 1294 3412 11115-20

145 3439 178 3494 cf.
193 3440 252 3509 Sap.
268 3443 308 3504 14,
322 3443 363 3496 21.
377 3443 418 3496 22.
490 3442 612 3497 23110111,
629 3444 650 3504 1,
665 3443 705 3495 21.
720 3443 761 3496 23,

249 3556 281 3608 27
305 3555 443 3623 Hilurica,
467 3555 498 3609 de
521 3555 584 3608 trin.
609 3555 653 3608 b'b.
672 3556 697 3621 I,
716 3558 802 3608 12οε
824 3554 862 3607 ita
885 3554 968 3607 totius
986 3555 1072 3623 operis
1091 3554 1203 3608 modum
1221 3560 1294 3610 tem-

144 3640 308 3707 perauimus;
328 3640 441 3694 arduum
460 3642 510 3694 hoc
528 3640 726 3709 intellegentiae
744 3641 796 3693 iter
814 3640 882 3694 cliuo
902 3641 977 3709 quasi
996 3641 1117 3694 molliore
1135 3640 1294 3708 leniuimus;

145 3725 178 3780 cf.
197 3727 269 3780 infra
286 3745 311 3796 p.
328 3732 386 3792 loo,
399 3731 423 3783 9.

190 3853 202 3904 1
225 3839 529 3938 bqpujaeberubat
608 3854 624 3907 2
644 3860 817 3934 oporteat
831 3850 916 3915 deest3
929 3854 990 3919 post
1010 3832 1078 3933 fleti
1091 3867 1184 3905 uersus
1197 3852 1294 3907 finitur

145 4011 160 4062 9
178 3966 376 4089 peccbtbffl
394 4007 432 4073 (in
450 4009 502 4074 ῐΑ)
524 4007 570 4062 lin.
595 4011 621 4062 11
644 4011 743 4076 puncto
767 4008 826 4072 del,
846 4008 878 4062 ef.
893 4012 934 4071 66,
949 4011 981 4063 15
1057 4011 1088 4063 12
1109 3990 1290 4071 combusto

146 4120 237 4242 besti),
254 4153 574 4231 (11(11δε111)111.1111
635 4167 666 4220 16
685 4168 742 4219 erat
759 4175 926 4226 1111111616
997 4169 1030 4222 23
1050 4124 1293 4228 &atunellum

144 4271 178 4326 24
200 4261 509 4352 imcuuanpuorba
584 4272 617 4325 27
638 4260 726 4336 δεῦε
746 4270 847 4341 scripsi,
867 4269 923 4324 cod.
945 4260 1011 4351 bb,
1032 4271 1065 4327 cf.
1085 4288 1166 4343 supra
1185 4275 1258 4338 66,3
