2896 4808
162 332 224 397 154
616 347 710 402 Pauli
735 347 843 402 Orosii

158 507 294 589 corporis
328 507 406 572 caeli
441 507 533 590 signa
565 525 635 571 esse
669 505 819 589 disposita
851 507 933 571 idest
966 506 1098 571 arietem
1126 506 1159 570 in
1191 506 1305 589 capite,

158 615 284 675 taurum
313 611 345 675 in
375 611 506 691 ceruice,
536 611 679 694 geminos
704 610 737 673 in
759 608 907 691 brachiis,
937 627 1085 674 canemm
1114 609 1147 674 in
1177 613 1306 692 pectore

159 718 191 779 et
213 719 327 796 cetera,
351 716 459 778 uolens
484 713 685 797 subintellegi
707 713 854 778 tenebras
877 717 1019 778 aeternas
1043 717 1075 778 et
1097 732 1134 778 ex
1152 713 1203 778 his
1217 714 1305 796 prin-

159 819 260 901 cipem
290 819 399 884 mundi
427 818 627 902 processisse,
658 821 690 882 et
718 816 777 882 hoc
807 818 912 901 ipsum
942 816 1130 883 confirmans
1158 837 1196 882 ex
1221 818 1305 883 libro

159 923 293 1004 quodam
323 923 376 1004 qui
405 921 586 987 inscribitur
616 922 778 986 ‘memoria
807 923 1039 1004 apostolorum',
1073 921 1127 986 ubi
1163 922 1342 987 saluators

157 1027 341 1110 interrogari
368 1044 388 1090 a
419 1025 578 1109 discipulis
601 1025 725 1090 uidetur
756 1029 876 1090 seeretc
901 1029 933 1090 et
961 1026 1125 1090 ostendere
1147 1026 1186 1091 de
1211 1044 1306 1109 para·

158 1128 231 1194 bola
253 1130 436 1213 euangehce
458 1147 536 1211 quae
566 1128 663 1193 habet
686 1129 778 1194 exiit
801 1130 992 1195 seminans
1016 1130 1202 1195 seminare
1229 1131 1306 1212 quia

159 1252 221 1298 non
251 1233 347 1298 fuerit
376 1233 546 1298 seminator
575 1232 687 1314 bonus,
719 1234 866 1298 adserens
898 1234 970 1316 quia
994 1235 1022 1298 si
1050 1233 1151 1298 bonus
1179 1234 1304 1314 fuisset,

159 1356 222 1402 non
244 1337 357 1402 fuisset
388 1339 558 1421 neglegens
582 1339 634 1401 uel
664 1355 771 1402 secus
801 1339 900 1402 uiam
923 1339 976 1402 uel
996 1339 1034 1402 in
1063 1339 1228 1420 petrosis
1252 1339 1305 1403 uel

158 1443 196 1506 in
223 1441 379 1506 incultis
409 1442 526 1505 iaceret
555 1460 674 1522 semen,
704 1442 814 1506 uolens
837 1442 978 1526 intellegi
1008 1442 1344 1508 huncessesemi·1o

158 1548 288 1610 nantem
311 1545 363 1627 qui
386 1545 509 1610 animas
532 1548 640 1628 captas
671 1548 832 1629 spargeret
854 1546 886 1608 in
909 1563 1038 1628 corpora
1068 1546 1193 1610 diuersa
1223 1563 1305 1628 quae

158 1650 264 1714 uellet.
289 1649 327 1714 In
350 1666 410 1730 quo
434 1649 530 1713 etiam
552 1648 633 1713 libro
657 1649 695 1713 de
718 1649 857 1732 principe
880 1649 1080 1714 humidorum
1102 1653 1134 1713 et
1156 1650 1194 1714 de
1216 1650 1305 1733 prin-

159 1753 226 1834 cipe
249 1753 330 1836 ignis
354 1752 491 1835 plurima
512 1752 598 1816 dicta
620 1756 704 1833 sunt,
735 1754 845 1816 uolens
876 1753 1017 1836 intellegi
1047 1755 1123 1833 arte,
1154 1770 1219 1818 non
1250 1772 1305 1837 po-

159 1857 258 1920 tentia
288 1857 338 1920 dei
368 1857 473 1919 omnia
502 1854 586 1920 bona
615 1856 666 1939 agi
696 1857 730 1920 in
760 1856 819 1920 hoc
842 1856 967 1920 mundo.
1013 1856 1099 1920 Dicit
1125 1856 1210 1920 enim
1235 1875 1305 1921 esse

108 2004 113 2015 -
159 1960 316 2044 uirginem
346 1960 505 2042 quandam
533 1961 652 2040 lucem,
675 1970 778 2042 ¹quam
809 1960 886 2024 deus
916 1960 1025 2025 uolens
1055 1961 1129 2024 dare
1158 1961 1304 2044 pluuiam
1319 1986 1343 2026 ιε

158 2063 339 2129 hominibus
365 2065 496 2147 principi
527 2064 727 2129 humidorum
757 2064 916 2144 ostendat,
947 2064 1010 2146 qui,
1042 2064 1116 2128 dum
1147 2083 1218 2128 eam
1250 2065 1305 2128 ad-

158 2169 351 2251 prehendere
374 2169 469 2250 cupit,
494 2171 670 2232 commotus
693 2167 844 2232 consudet
867 2171 899 2231 et
920 2166 1061 2250 pluuiam
1083 2168 1178 2232 faciat
1201 2172 1235 2232 et
1250 2168 1305 2232 de-

159 2272 288 2335 stitutus
312 2270 351 2335 ab
376 2289 411 2335 eo
435 2272 558 2355 mugitu
582 2290 637 2336 suc
661 2272 799 2336 tonitrua
814 2272 956 2336 concitet.
992 2271 1179 2336 Trinitatem
1195 2275 1305 2335 autem

159 2376 223 2439 solo
254 2374 350 2458 uerbo
380 2374 576 2457 loquebatur,
608 2393 682 2440 nam
713 2376 860 2440 unionem
891 2374 1009 2457 absque
1032 2375 1097 2438 ulla
1120 2375 1306 2440 exsistentia

263 2577 278 2628 7
296 2573 392 2628 Matth.
412 2576 452 2639 13,
470 2576 487 2629 3
505 2574 549 2641 (01.
564 2574 768 2629 Pracdestiaati
786 2573 818 2628 de
835 2574 935 2629 haeres.
949 2573 994 2627 lib.
1009 2573 1042 2639 1,
1055 2590 1076 2628 0.
1090 2573 1142 2640 43).
1232 2575 1249 2628 9
1268 2571 1303 2626 cf.

116 2699 120 2706 .
158 2660 255 2715 Metth.
273 2663 312 2726 13,
326 2664 350 2716 4.
365 2664 388 2716 5.

264 2835 277 2888 1
296 2835 412 2904 August.
427 2837 443 2889 l.
458 2836 483 2900 l,
491 2852 522 2904 p.
534 2837 600 2891 217:
624 2837 897 2901 astruuntwcorpus
920 2834 1042 2886 nostrum
1066 2831 1213 2886 secundum
1237 2831 1304 2886 duo·

160 2919 246 2973 decim
265 2920 341 2989 signa
360 2919 425 2974 caeli
444 2937 500 2974 esse
519 2920 704 2989 compositum,
722 2919 792 2973 sicut
809 2918 838 2971 hi
856 2919 902 2986 qui
921 2918 1105 2973 mathematici
1116 2918 1198 2987 uulgo
1213 2919 1304 2988 appel·

157 3005 257 3072 lentur,
276 3006 468 3060 constituentes
486 3005 516 3059 in
534 3006 620 3075 capite
640 3006 758 3069 arietem,
777 3008 885 3059 taurum
903 3005 932 3058 in
950 3005 1060 3069 ceruice,
1079 3004 1199 3074 geminos
1211 3005 1240 3059 in
1251 3005 1304 3059 hu-

158 3092 246 3157 meris,
266 3109 391 3147 canorum
410 3093 439 3146 in
455 3096 562 3162 pectore
581 3095 608 3146 01
626 3095 713 3146 cetera
731 3090 891 3145 nominatim
910 3090 987 3160 signa
1004 3093 1187 3159 percurrentes
1206 3108 1229 3145 e.
1242 3107 1267 3160 q.
1282 3109 1302 3146 s.

158 3181 174 3234 5
187 3196 265 3233 mem.
277 3179 331 3249 ap]
349 3179 383 3234 01.
393 3178 538 3234 Luebkerti
551 3178 652 3233 librum
665 3178 694 3232 in
707 3176 986 3248 praef.nostrscap.1
1000 3177 1171 3246 appellatum,
1181 3193 1208 3247 p.
1220 3180 1252 3233 19
1263 3194 1302 3246 sq.

158 3267 196 3333 (ct
213 3268 284 3322 Irea.
304 3284 349 3336 ap.
369 3266 509 3332 theodor,
528 3266 618 3334 Migne
636 3266 703 3334 patr.
722 3281 762 3333 gr.
780 3266 822 3328 83,
839 3263 908 3333 351).
990 3266 1023 3319 14
1044 3263 1078 3317 01.
1095 3262 1230 3318 Lucbkert
1248 3263 1266 3318 l.
1284 3263 1302 3317 1.

157 3368 182 3421 p.
193 3355 225 3408 31
236 3368 283 3421 sq,
295 3352 327 3405 al.
341 3352 379 3418 (et
388 3368 468 3421 supra
480 3369 505 3421 p.
516 3354 557 3417 94,
570 3352 620 3420 14).
672 3353 704 3408 18
717 3350 814 3419 trinit]
828 3348 860 3403 01.
875 3365 955 3418 supra
966 3365 991 3418 p.
1003 3352 1045 3414 37,
1056 3352 1103 3414 21;
1113 3352 1154 3414 39,
1165 3352 1197 3406 15
1204 3369 1211 3413 ;
1220 3352 1264 3415 49,
1274 3353 1299 3407 3.

203 3527 217 3580 1
246 3524 391 3592 disposite,
419 3525 450 3578 ia
477 3541 530 3580 ros.
560 3541 631 3578 0000.
659 3530 675 3578 1
703 3525 731 3578 Β
819 3526 836 3577 2
859 3540 912 3592 pro
941 3524 1048 3590 pectore
1076 3524 1134 3578 acb.
1162 3522 1248 3591 eapite
1275 3526 1303 3578 A

158 3613 175 3665 4
193 3611 365 3679 praecessisse
382 3611 410 3664 A
498 3612 762 3666 01100000001
781 3610 809 3663 B
889 3612 904 3663 5
930 3607 1055 3662 scribitur
1073 3626 1127 3678 pro
1148 3607 1255 3663 inscrib.
1275 3611 1303 3664 B

158 3700 174 3752 6
197 3695 306 3751 uidetur
329 3696 361 3750 (10
384 3699 460 3765 patre
483 3696 647 3751 ostendendo
670 3696 733 3765 quia
756 3695 842 3763 (1οΒ,
865 3694 973 3748 uidetur
995 3699 1095 3748 secreto
1114 3697 1141 3748 et
1163 3694 1303 3749 ostendere

159 3782 272 3852 quiade
291 3781 318 3838 a
376 3786 470 3852 lpost
489 3783 619 3836 seminare
637 3783 717 3838 addit
732 3780 761 3838 ‘D
781 3798 871 3835 semen
890 3797 969 3835 suum
1027 3781 1089 3849 quia
1106 3783 1131 3835 h.
1146 3782 1162 3836 1.
1176 3798 1227 3837 om.
1246 3781 1303 3837 Bm

158 3872 204 3939 (cf.
223 3887 309 3939 sopra
330 3870 368 3924 ad
391 3870 438 3923 lia.
458 3871 485 3936 6)
558 3872 575 3925 8
598 3869 620 3922 si
638 3869 724 3922 bonus
742 3868 838 3922 fuisset
856 3870 883 3922 et
901 3883 954 3920 non
972 3866 1123 3937 neglegens,
1141 3882 1195 3920 non
1213 3867 1257 3921 uel
1275 3870 1303 3923 B

159 3956 181 4010 si
199 3956 285 4010 bonus
304 3955 408 4020 luisset,
426 3970 479 4008 non
498 3954 594 4009 fuisset
611 3955 757 4024 negligens,
776 3971 830 4008 non
847 3954 891 4008 uel
909 3953 936 4010 Β
999 3956 1031 4009 10
1049 3954 1133 4008 iacere
1150 3954 1186 4021 A,
1204 3953 1303 4008 iaceret

158 4041 212 4099 Ba
269 4041 341 4095 huno
364 4057 420 4095 0000
443 4041 620 4095 seminantem
638 4044 669 4096 ia
686 4060 740 4097 ras.
759 4046 860 4097 00001
879 4041 907 4096 Β
962 4042 994 4095 12
1012 4039 1046 4093 In
1063 4055 1115 4108 quo
1134 4040 1216 4094 etiam
1233 4039 1303 4094 libro

157 4173 221 4240 AB,
240 4171 298 4236 Quo
317 4171 398 4225 etiam
416 4170 445 4224 in
462 4169 531 4224 libro
550 4169 577 4226 1)
635 4173 668 4226 14
686 4136 766 4224 mondo
784 4172 812 4225 A
870 4172 903 4225 16
922 4168 1135 4238 adpraehendere
1153 4170 1189 4236 A,
1208 4185 1303 4238 appre-

158 4257 269 4314 hensam
289 4258 316 4312 B
371 4259 402 4312 17
421 4255 488 4311 facit
506 4258 534 4312 A
587 4260 692 4326 etpost
709 4255 791 4310 faciet
808 4273 859 4313 om.
878 4256 905 4311 Β
