2896 4808
139 337 211 395 VIII

180 508 228 570 De
251 508 318 570 uita
341 511 372 570 91
394 508 534 571 doctrina
550 506 737 571 Priscilliani
761 526 833 571 cum
858 507 889 571 in
913 506 1020 571 libello
1045 506 1283 588 'Priscillian,

138 611 198 675 oin
227 611 602 694 neuaufgefundener
632 610 882 675 lateinischer
910 610 1190 676 Schriftsteller
1218 611 1283 674 des

137 716 192 778 IV.
220 716 242 780 J
248 715 514 796 ahrhunderts,
550 716 742 799 Wrirzburg,
778 714 891 780 Stuber
925 713 1018 776 1886‘
1055 715 1192 779 breuiter
1220 715 1284 778 dis-

139 820 289 882 seruerim
314 823 344 882 et
366 823 485 902 postea,
510 820 535 882 si
559 823 684 903 tempus
701 819 846 900 sufficiet,
869 820 969 883 fusius
986 823 1112 883 acturus
1129 820 1200 899 sim,
1222 819 1284 882 hoc

138 921 205 986 loco
229 923 337 987 titulos
361 927 486 987 tantum
509 923 698 987 nobiliorum
728 925 781 1005 qui
813 924 851 986 ad
879 928 1019 987 nostram
1046 942 1114 986 rem
1138 926 1284 1006 spectant

136 1025 289 1090 librorum
311 1028 507 1111 congessisse
531 1029 606 1092 satis
630 1028 762 1092 habebo.
798 1027 898 1092 Unius
923 1031 1029 1091 autem
1051 1027 1283 1109 Hieronymi,

136 1131 265 1194 testium
288 1131 509 1213 uetustissimi,
533 1151 604 1196 cum
629 1132 790 1215 aptissime
814 1135 913 1195 totam
936 1151 1003 1195 rem
1027 1131 1283 1214 comprehendat,

135 1234 213 1299 libet
246 1235 454 1300 transcribere
489 1236 586 1299 uerba
620 1237 708 1318 quasi
742 1236 882 1300 omnium
914 1253 993 1317 quae
1024 1236 1200 1298 attulerunt
1229 1235 1284 1298 alii

136 1357 293 1402 summam
317 1340 555 1414 breuissimam;
585 1341 755 1404 memoriae
779 1340 863 1403 enim
887 1339 990 1422 prodit
1012 1338 1225 1421 Hieronymus
1249 1338 1285 1401 in

135 1441 215 1506 libro
239 1444 277 1506 (19
300 1444 357 1507 uir.
382 1445 426 1507 ill.
452 1462 533 1508 anno
557 1442 621 1506 392
645 1445 828 1527 conscripto,
852 1461 919 1526 cap.
939 1440 1018 1506 121:

285 1547 512 1627 Priscillianus,
536 1547 649 1611 Abilae
674 1549 847 1631 epiSeopuS,
871 1548 925 1629 qui
949 1547 1083 1611 factIone
1098 1547 1227 1630 Hydatii
1252 1550 1285 1610 et

239 1651 353 1715 Ithacii
376 1651 519 1714 Treueris
544 1670 562 1714 a
584 1651 722 1716 Maximo
751 1656 883 1734 tyranno
911 1670 1020 1715 caesus
1045 1655 1094 1714 est
1120 1651 1283 1733 (999991

240 1753 377 1816 uidetur
391 1747 456 1818 385
470 1778 502 1838 p.
525 1752 600 1818 Cbr.
615 1756 672 1840 9.),
697 1757 794 1820 911111
809 1757 909 1819 multa
932 1757 1091 1837 opuscula,
1115 1754 1282 1835 dequibus

240 1859 279 1921 ad
302 1877 358 1923 nos
383 1860 486 1940 aliqua
509 1864 728 1942 peruenerunt.
763 1860 825 1924 HIc
841 1878 941 1940 usque
964 1858 1057 1922 hodie
1080 1876 1098 1921 a
1121 1858 1282 1922 nonnullis

240 1964 399 2046 gnosticae
426 1964 508 2027 idest
530 1964 677 2027 Basilidis
705 1966 756 2028 uel
783 1964 892 2043 Marci,
925 1964 962 2026 de
993 1963 1105 2044 quibus
1133 1963 1281 2026 Irenaeus

241 2067 360 2146 scribit,
382 2067 547 2131 haereseos
572 2070 751 2147 accusatur,
782 2066 1022 2130 defendentibus
1051 2066 1119 2129 aliis
1149 2085 1211 2130 non
1239 2066 1283 2129 ita

242 2189 313 2234 eum
338 2171 475 2234 sensisse
498 2175 534 2234 91
558 2171 707 2253 arguitur.

179 2274 325 2339 Aliorum
337 2275 389 2356 qui
405 2276 442 2338 de
454 2274 640 2338 Priscilliani
655 2275 779 2338 haeresi
796 2275 948 2357 amphora
964 2275 1079 2338 artiora
1094 2272 1213 2336 habent
1228 2292 1283 2336 ue-

137 2379 305 2442 tustiorum
322 2379 509 2462 scriptorum
525 2383 736 2461 conspectum,
760 2380 810 2442 cui
824 2396 924 2461 pauca
943 2377 1044 2441 habeo
1060 2395 1140 2458 quae
1158 2374 1283 2457 addam,

137 2481 267 2564 praebet
282 2483 325 2546 Io.
343 2483 441 2546 Henr.
455 2484 546 2546 Bern.
565 2482 755 2546 Luebkort
770 2484 802 2545 in
821 2482 928 2547 libello
945 2484 1002 2546 ‘De
1017 2482 1139 2546 haeresi
1155 2481 1284 2544 Priscil-

137 2585 334 2650 119919191991
357 2606 392 2650 er
408 2587 548 2651 fontibus
565 2587 666 2651 denuo
683 2587 813 2666 collubia,
829 2586 974 2650 Hauniae
992 2584 1095 2665 1840’,
1111 2605 1141 2668 p.
1159 2583 1283 2658 4-11;

138 2692 191 2772 qui
213 2694 320 2754 tamen
343 2692 520 2774 scriptores,
549 2709 621 2754 oum
645 2692 698 2754 alii
721 2691 758 2754 de
780 2690 1027 2754 Priscillianistis
1059 2690 1158 2772 magis
1187 2706 1281 2769 quam

138 2795 176 2858 de
191 2795 385 2860 Priscilliano
402 2796 515 2875 dicant,
540 2796 593 2858 alii
609 2794 737 2858 nomina
752 2795 877 2858 omnino
893 2796 1056 2873 reticeant,
1081 2812 1157 2856 num
1173 2810 1283 2855 omnes

139 2900 203 2963 sint
221 2900 367 2963 audiendi
379 2900 411 2963 in
428 2900 592 2963 iudicanda
606 2898 705 2981 ipSIus
722 2899 908 2962 Priscillmni
924 2899 1073 2977 doctrina,
1091 2898 1149 2960 erit
1165 2894 1283 2959 delibe-

137 3004 288 3078 randum;
317 3007 392 3067 sunt
413 3004 478 3067 fere
502 3004 550 3067 hi:
581 3006 650 3066 acta
673 3003 883 3082 conciliorum,
906 3001 1105 3080 Ambrosius,
1127 2999 1283 3083 Augusti-

138 3127 208 3188 nus,
239 3108 433 3193 Bachiarius,
465 3109 633 3187 Damasus,
656 3106 963 3188 ¹[Pseudo-Derter],
993 3105 1205 3187 Hieronymus
1236 3101 1284 3184 (et

138 3211 290 3275 Aethicus
313 3211 418 3295 Ister),
446 3212 575 3291 Idatius,
603 3211 819 3290 Innocentius,
853 3210 1006 3289 IsidoruS,
1040 3209 1103 3272 Leo
1134 3208 1282 3290 Magnus,

139 3315 295 3378 Mardmus
318 3318 405 3397 imp,
429 3314 610 3394 Montanus
634 3314 772 3393 Orosius,
796 3313 941 3393 Pacatus
966 3312 1163 3391 Philastrius,
1186 3310 1283 3373 Prae-

139 3418 328 3498 (1991199199,
362 3418 510 3501 Prosper,
541 3418 746 3497 Prudentius,
776 3415 918 3496 Siricius,
954 3416 1107 3499 Sulpicius
1138 3414 1282 3494 Seuerus,

140 3522 373 3586 Theodosianus
397 3522 501 3602 codex,
525 3521 696 3601 Turribius,
720 3521 904 3585 Uincentius
927 3519 1114 3584 Lerinensis.

182 3626 312 3690 Praeter
342 3626 557 3690 Luebkertum
589 3624 678 3689 libris
709 3625 918 3708 peculiaribus
953 3625 990 3687 de
1024 3622 1282 3687 Priscillianismo

141 3730 355 3794 disseruerunt
375 3730 427 3794 alii
443 3749 565 3812 quoque
580 3730 640 3793 uiri
656 3730 750 3809 docti,
773 3731 861 3793 uelut
877 3728 985 3794 Simon
1000 3729 1041 3791 (19
1057 3728 1174 3807 Vries,
1197 3727 1280 3790 Diss.

140 3835 247 3898 critica
270 3834 307 3897 de
330 3834 577 3898 Priscillianistis
601 3852 769 3915 eorumque
797 3834 870 3896 fatis
894 3833 1042 3896 doctrinis
1072 3836 1104 3895 91
1131 3831 1281 3909 moribus,

141 3938 275 4002 Traiecti
308 3939 347 4001 ad
376 3938 523 4002 Rhenum
554 3935 655 4012 17453
690 3938 799 4001 Hanc,
832 3937 1042 4016 Giruesius,
1072 3936 1121 3999 De
1154 3935 1283 3999 historia

140 4041 449 4106 Priscillianistarum
473 4042 650 4106 dIssertatio
673 4041 706 4105 in
729 4041 806 4104 duas
829 4045 935 4123 partes
959 4040 1135 4119 distributa,
1163 4039 1282 4102 Romae

143 4145 241 4221 1750;
261 4146 296 4209 P.
306 4145 364 4209 Th.
376 4146 555 4225 (tacciari,
571 4146 619 4208 De
634 4145 943 4209 Priscillianistarum
958 4144 1080 4208 haeresi
1096 4147 1127 4208 et
1142 4142 1282 4222 historia,

142 4247 224 4312 1751
242 4249 297 4333 (=
313 4246 940 4333 Μ1999,Ρ919.191.51),991.991-1066;
957 4249 995 4312 cf.
1010 4247 1111 4313 Storia
1122 4246 1283 4311 letteraria
