2896 4808
548 364 715 416 tractatus
734 361 765 415 V.
1187 341 1229 406 65

86 537 170 582 nam
193 538 287 600 quae
317 539 388 584 non
412 520 590 584 uidentur
619 524 783 583 aeterna.
822 519 1120 583 Animaduertentes
1145 519 1230 582 enim

86 641 214 687 sensum
245 624 345 687 lectae
375 624 518 688 lectionis
550 623 696 688 dicentis:
732 625 769 687 in
799 623 988 707 principio
1018 623 1110 686 fecit
1140 623 1230 686 deus

85 728 228 791 caelum
260 731 296 792 et
326 731 480 808 terram,
512 729 623 792 scitote
654 728 761 791 omnia
791 728 884 791 deum
907 728 1020 791 fecisse
1044 745 1123 809 quae
1147 727 1231 791 facta

86 835 215 896 suntet
246 833 406 916 conpactis
430 830 521 918 inlltcr
552 852 585 896 se
609 832 793 897 aelementis
822 832 989 896 solidatam
1012 832 1090 896 caeli
1122 835 1229 895 exten·
1253 836 1291 891 86

59 936 170 999 odisse
201 940 347 1001 naturam
377 937 484 1019 sicque
514 957 574 1001 usu
606 938 685 1001 aeris
720 940 887 1000 uentorum
917 936 1126 1020 potestatibus
1157 936 1229 999 dato

85 1041 313 1124 quadripertita
345 1044 523 1124 temporum
547 1042 615 1105 uice
639 1041 714 1105 anni
738 1059 847 1105 cursus
872 1043 903 1104 et
926 1041 1090 1105 stellarum
1113 1040 1229 1105 consti-

85 1147 171 1208 tutas
195 1145 425 1228 dispositiones.
465 1144 546 1210 Cum
570 1145 655 1210 enim
678 1146 811 1209 uerbum
834 1145 960 1208 diuinae
983 1145 1109 1209 uirtutis
1134 1163 1229 1227 appa-

84 1249 149 1312 ruit
164 1250 283 1314 dicens:
306 1251 321 1313 f
323 1251 378 1315 iat
392 1251 464 1331 lux,
481 1252 629 1315 uniuersa
644 1268 723 1332 quae
741 1253 830 1314 erant
846 1249 1045 1314 intenebrata
1060 1252 1230 1333 patuerunt

86 1357 118 1417 et
137 1358 227 1418 nocte
243 1356 383 1438 uesperis
408 1355 446 1418 ab
472 1356 636 1438 splendore
653 1356 738 1428 ‚lucis
762 1354 873 1435 diuisa,
895 1355 1028 1438 singulis
1053 1354 1228 1436 quibusque

44 1457 178 1522 10rebus
202 1459 362 1523 inlocum
386 1460 530 1542 dispositi
554 1459 671 1523 ordinis
696 1460 879 1543 segregatis,
908 1462 992 1522 terra
1015 1459 1148 1523 solidata
1171 1461 1228 1538 est,

85 1566 121 1626 ut
137 1564 285 1627 alterutro
310 1565 556 1628 aelementorum
572 1565 747 1628 ministerio
767 1566 986 1648 praecurrente
1008 1561 1134 1649 parltita
1149 1566 1229 1626 tem-

85 1685 196 1749 porum
223 1669 291 1732 uice
315 1687 409 1732 usum
437 1669 580 1752 dispositi
608 1670 708 1751 operis
738 1669 850 1751 spiritu
880 1669 965 1732 uitae
997 1668 1137 1732 animata
1159 1685 1229 1749 pro-

85 1771 195 1851 ferret,
231 1791 293 1836 non
329 1774 411 1855 quod
445 1777 529 1837 terra
563 1774 614 1836 uel
652 1774 774 1836 caelum
810 1776 864 1836 aut
899 1772 981 1836 datis
1017 1791 1053 1834 er
1088 1771 1227 1854 cognatis

86 1876 270 1940 aelementis
301 1877 467 1960 terrigenis
491 1877 718 1963 principatibus
743 1877 871 1960 spiritus
899 1876 1040 1960 propriae
1063 1875 1228 1959 potestatis

44 1994 71 2034 1⁵
88 1980 204 2061 aliquid
228 1982 392 2064 acceperit,
425 1982 479 2046 sed
502 1985 538 2046 ut
560 2001 666 2045 rerum
691 1981 822 2045 materia
848 1982 1033 2063 praeparata
1057 1996 1158 2043 sermo
1182 1979 1228 2043 di·

86 2083 178 2148 uinus
202 2085 340 2149 facturae
364 2104 441 2169 opus
464 2087 586 2151 intrans
608 2085 798 2169 sapientium
821 2087 1058 2168 praeceptorum
1081 2083 1229 2148 instituta

86 2189 254 2270 conploret,
278 2193 389 2254 tenens
413 2191 517 2254 forum
541 2191 657 2254 saeculi
680 2190 714 2254 in
737 2189 952 2254 habitaculum
968 2188 1133 2253 hominum
1155 2207 1229 2251 con·

87 2293 244 2358 stitutum.
269 2295 413 2376 Denique
428 2296 478 2359 his
495 2295 641 2359 omnibus
657 2314 737 2377 quae
753 2295 949 2359 conuersatio
965 2295 1074 2358 mundi
1089 2293 1229 2376 possidet

87 2399 289 2462 secundum
312 2419 430 2483 genus
454 2419 559 2463 suum
575 2400 667 2464 factis
684 2397 884 2485 bollminem
908 2400 952 2463 ad
974 2399 1176 2482 imaginem
1193 2401 1228 2461 et
1252 2411 1290 2466 87

45 2492 509 2568 resimilitudinom'suam
539 2506 628 2568 dens
658 2505 752 2568 fecit
786 2507 975 2587 acceptoque
1005 2504 1080 2567 limo
1111 2502 1227 2566 terreni

85 2606 259 2672 habitaculi
282 2613 426 2673 nostrum
449 2626 560 2692 corpus
577 2609 741 2689 animanit,
764 2612 801 2673 ut
817 2609 942 2673 domino
965 2626 1071 2672 rerum
1087 2607 1227 2672 omniurn

85 2711 211 2776 homine
242 2714 418 2797 praeposito
448 2714 481 2777 in
513 2733 548 2777 eo
580 2713 748 2777 sabbatum
778 2714 860 2777 idest
881 2713 1022 2794 requiem
1054 2730 1144 2775 snam
1173 2729 1228 2794 po-

86 2820 182 2897 neret,
213 2817 268 2880 ubi
299 2818 472 2901 imaginem
503 2836 593 2881 suam
625 2822 657 2882 et
687 2817 926 2881 similitudinem
958 2819 1161 2899 corporasset‚
1192 2832 1228 2879 ac

85 2925 157 3002 post
172 2922 300 2985 traduce
316 2926 429 2986 natura
451 2922 624 3006 hospitium
640 2923 798 3004 corporale
821 2921 915 2985 homo
939 2941 975 2985 en
995 2920 1123 2984 homine
1138 2938 1227 3004 prae-

44 3056 72 3097 25
86 3043 213 3089 sumens
237 3044 308 3090 caro
332 3030 513 3090 nasceretur
537 3045 572 3090 ex
596 3045 699 3107 carne,
729 3027 762 3090 in
786 3043 847 3109 quo
871 3026 1050 3090 constitutis
1074 3025 1164 3089 nobis
1196 3028 1227 3088 et

85 3128 264 3193 diuinorum
280 3131 502 3194 mandatorum
514 3132 601 3195 iussa
617 3130 810 3195 sectantibus
823 3132 931 3195 mundi
948 3150 1025 3214 opus
1042 3134 1074 3194 et
1086 3134 1227 3194 terrenae

85 3234 235 3296 materiae
249 3232 252 3318 Ι
267 3237 413 3297 naturam
427 3235 600 3299 castificata
616 3254 686 3299 caro
703 3237 852 3316 uinceret,
868 3233 927 3320 <et>
942 3236 1035 3299 homo
1052 3235 1227 3298 ministerio

87 3338 202 3400 saeculi
232 3356 308 3401 usus
332 3357 394 3402 non
425 3341 697 3423 concupiscentiae
725 3341 888 3404 uoluntate
919 3340 1068 3422 deceptus
1096 3338 1228 3402 haberet

85 3611 109 3666 G
188 3526 339 3592 adeun
364 3532 386 3584 1.
470 3530 580 3586 aden.
604 3533 626 3594 1,
649 3532 672 3584 3.
757 3533 789 3585 19
817 3529 882 3584 Gen.
907 3532 929 3593 1,
953 3532 994 3584 21.
1077 3529 1225 3599 hominem]

110 3628 150 3665 en.
166 3616 188 3676 1,
201 3616 243 3668 27.

127 3861 143 3912 2
164 3815 253 3920 locst
332 3797 577 3935 lsolduum,
598 3860 668 3925 run
689 3851 739 3926 lu)
756 3875 822 3912 eras.
895 3799 1121 3938 esurirem,
1143 3871 1223 3919 rex·

83 4015 190 4083 corne)
261 4019 276 4070 7
297 4000 572 4099 terrestrum,
590 4027 600 4076 r
616 4031 646 4068 ex
662 4028 669 4073 ι
686 4033 751 4069 corr.
826 4021 842 4071 9
859 3975 1050 4101 υεερεκιεε,
1067 4017 1137 4083 elin
1153 4019 1227 4082 nes)

83 4191 149 4227 eras,
213 4131 512 4256 12ὸ13ροῗ1ῖῌϋη
532 4172 732 4257 pelllindel.
806 4176 836 4228 17
853 4167 975 4233 lolium
1033 4177 1224 4257 24paaesu

83 4260 332 4356 memsdcako,
353 4288 371 4336 c
390 4278 418 4331 in
436 4295 529 4331 uersus
547 4278 600 4330 fine
618 4295 684 4332 eras,
737 4281 771 4333 25
792 4278 924 4361 quolita
941 4277 1002 4334 cod.
1053 4280 1086 4332 27
1101 4288 1138 4340 ετ
1153 4278 1227 4331 deest

135 4399 209 4440 nunu
226 4399 320 4440 Pristin.
1053 4389 1069 4435 5
