2896 4808
218 332 259 396 w
680 351 891 405 mmmm

214 507 411 573 intellectum
434 510 553 593 aperire
573 509 745 574 dictorum:
769 511 867 594 quid,
890 511 1010 594 inquid,
1035 511 1154 576 adhuc
1177 531 1242 596 ego
1266 513 1360 577 iudi·

214 631 285 694 oor,
309 614 468 696 domine,
485 613 569 678 dum
584 615 769 698 corripior
785 619 822 680 et
838 635 982 700 arguor,
999 619 1064 680 aut
1080 616 1184 699 quod,
1201 618 1359 699 domine,

215 717 307 782 dabo
337 737 559 801 responsum
590 720 637 783 ad
665 720 759 784 talia
789 720 920 801 uerba,
957 739 1037 785 oum
1068 721 1137 784 sim
1168 721 1288 785 nihil?
1319 722 1360 786 m

214 826 289 887 tunc
316 824 461 887 dominus
489 824 585 888 etiam
615 824 706 888 nobis
737 828 809 907 post
838 825 953 890 futuris
981 827 1021 889 ad
1050 825 1297 909 intellegendum
1326 846 1359 890 se

213 944 290 1010 opus
318 927 407 991 uerbi
433 928 575 992 tribuens
605 929 790 1012 parabulam
817 929 893 994 dicti
923 949 978 1013 per
1005 948 1038 993 se
1059 927 1063 1014 l
1085 930 1237 995 sermonis
1267 947 1386 1014 erpo-5

213 1032 277 1096 suit
293 1032 413 1097 dicens:
445 1033 537 1114 noli,
561 1033 679 1115 inquid,
703 1033 920 1098 abalienare
942 1034 1126 1098 iudicium
1147 1040 1268 1098 me'um
1291 1055 1359 1099 nec

214 1137 391 1203 aestimes
419 1157 473 1201 me
497 1138 609 1202 aliter
636 1138 852 1203 decreuisse
875 1137 949 1203 nisi
976 1143 1016 1202 ut
1039 1143 1078 1203 tu
1101 1139 1225 1227 minus
1249 1158 1359 1223 appa-

211 1259 294 1305 reas
318 1241 500 1317 iniustus;
530 1243 594 1306 sed
617 1242 766 1325 suscipe
791 1242 1036 1307 altitudinem
1059 1246 1096 1307 et
1118 1243 1299 1307 uirtutem
1323 1250 1359 1311 et

212 1346 429 1412 claritatem
452 1350 488 1410 et
509 1347 687 1411 honorem
709 1347 878 1422 induore3
905 1347 1078 1430 relinque
1101 1348 1256 1431 angelos
1279 1348 1357 1413 irae

213 1454 249 1514 et
279 1470 423 1515 omnem
457 1451 495 1515 in
530 1454 565 1515 te
599 1451 825 1516 iniuriosum
857 1455 893 1516 et
928 1452 1130 1535 superbum
1164 1453 1399 1537 extingue31o

212 1555 402 1639 disrumpe
429 1573 448 1620 a
474 1559 510 1621 te
539 1557 664 1640 inpios
696 1560 732 1621 et
760 1556 947 1622 absconde
977 1557 1015 1621 in
1042 1561 1143 1622 terra
1173 1561 1209 1622 et
1236 1559 1357 1623 facies

163 1646 169 1661 ⁸
212 1678 337 1724 eorum
363 1661 571 1745 ignominia
597 1661 714 1744 reple,
746 1664 786 1726 ut
813 1661 891 1726 sint
917 1661 998 1726 sine
1025 1662 1178 1744 honore,
1206 1666 1242 1727 ot
1268 1667 1359 1728 tunc

211 1765 460 1829 confiteberis
483 1766 660 1847 quoniam
683 1769 816 1849 potens
845 1768 903 1830 est
930 1766 1084 1831 dextera
1105 1785 1186 1831 mea
1209 1768 1358 1832 saluare

210 1872 256 1933 te.
284 1869 407 1934 Etiam
428 1887 550 1934 coram
573 1874 609 1935 te
628 1871 709 1934 fora
731 1870 831 1934 sicut
853 1871 919 1935 bos
938 1871 1062 1935 faetus
1085 1872 1237 1936 faenum
1257 1891 1358 1937 man-

211 1974 332 2055 ducat,
356 1975 463 2038 ouius
487 1975 673 2040 fortitudo
697 1975 735 2039 in
757 1975 896 2039 lumbis
920 1975 999 2040 eius
1021 1979 1058 2039 et
1077 1976 1200 2041 uirtus
1223 1976 1261 2040 in
1282 1996 1357 2040 um·
1371 1996 1396 2036 15

149 2087 186 2139 13
210 2077 325 2142 bilioo
357 2080 505 2144 uentris
535 2083 571 2144 et
601 2080 717 2144 cauda
752 2083 877 2144 erecta
907 2080 1006 2144 sicut
1037 2081 1254 2164 cyparissus
1285 2077 1294 2167 ll
1321 2086 1359 2146 ot

210 2186 319 2249 nerui
339 2185 504 2249 contorti
527 2185 627 2248 sicut
646 2185 755 2249 funes
777 2188 812 2248 et
834 2185 956 2249 latera
976 2185 1056 2249 eius
1076 2189 1204 2268 petrae
1225 2204 1356 2250 aereae

211 2292 247 2353 et
270 2290 377 2372 spina
399 2290 504 2353 illius
529 2289 628 2354 siout
649 2290 773 2372 paries
796 2290 952 2370 ferreus,
973 2293 1009 2354 et
1031 2290 1099 2354 hoc
1122 2294 1180 2354 est
1202 2290 1356 2355 initium

208 2394 349 2459 iactum
366 2394 511 2477 angelis
528 2394 571 2457 ad
586 2393 831 2458 inludendum
843 2394 1009 2476 plasmae
1021 2413 1132 2459 meae.
1150 2394 1304 2475 Quaetam
1316 2415 1356 2458 on

208 2499 314 2563 omnia
337 2502 553 2563 scrutantes
578 2499 802 2582 scripturas,
825 2499 1001 2563 beatissimi
1025 2500 1212 2580 sacerdotes
1236 2499 1354 2565 scimus
1369 2519 1395 2558 eo

209 2603 283 2686 quia
308 2607 460 2687 propter
487 2623 553 2668 nos
581 2603 730 2686 scriptaw
751 2607 852 2684 sunt,
877 2608 926 2684 ut,
950 2603 1005 2685 qui
1026 2604 1201 2668 bestiarum
1224 2608 1354 2668 naturas

208 2708 307 2773 dictas
324 2709 357 2773 in
372 2709 530 2792 parabolis
546 2708 712 2792 intellegit,
729 2708 897 2791 repudians
909 2727 989 2790 quae
1006 2711 1080 2773 sunt
1096 2709 1213 2773 saeculi
1228 2728 1353 2773 morum

207 2812 240 2876 in
269 2832 301 2877 se
331 2813 410 2877 uitia
440 2814 583 2897 castiget,
615 2813 696 2877 siout
726 2812 879 2877 scribtum
910 2814 1017 2877 estin
1046 2813 1241 2896 apocalypsi:
1270 2832 1353 2877 ecce

209 2935 340 2999 aquae,
364 2936 454 2999 quas
478 2917 612 2982 uidisti
634 2917 699 2981 ubi
722 2918 826 2982 sedet
850 2917 1042 2998 meretrix,
1066 2918 1196 3000 populi
1219 2921 1255 2982 et
1278 2921 1353 2982 tur-

312 3145 325 3198 1
349 3142 405 3196 Iob.
425 3145 466 3207 39,
486 3144 527 3198 34.
599 3146 615 3198 6
638 3142 694 3196 Iob.
713 3143 754 3207 lo,
774 3144 798 3198 3.
818 3143 904 3198 5-14
928 3141 973 3211 (cf.
997 3143 1143 3212 Speculum
1164 3143 1236 3210 quod
1259 3143 1352 3198 dicunt

206 3231 358 3300 Augustini
375 3246 400 3299 p.
419 3232 470 3285 437
490 3230 529 3284 od.
544 3229 698 3298 Weihrioh).
791 3232 824 3285 29
843 3228 877 3283 cf.
896 3230 934 3283 Io.
954 3232 978 3294 5,
997 3231 1039 3284 39.
1137 3231 1168 3285 21
1189 3229 1210 3283 I.
1229 3229 1350 3286 Corinth.

207 3322 231 3382 9,
251 3321 296 3382 10;
315 3317 391 3371 Rom.
406 3320 430 3378 4,
444 3319 486 3372 24.
499 3320 545 3378 23;
563 3318 597 3373 cf.
610 3319 749 3387 Hilarius,
763 3318 795 3373 de
807 3319 870 3373 tria.
881 3319 918 3387 X,
928 3321 962 3371 41
981 3316 1046 3386 (non
1058 3319 1171 3387 possunt
1188 3333 1243 3371 non
1262 3318 1351 3372 omnia

208 3409 316 3475 propter
335 3421 382 3459 nos
400 3407 476 3474 gesta
494 3423 550 3460 esse
568 3405 706 3476 intellegi).
780 3408 815 3462 23
832 3404 914 3474 Apoc.
935 3408 975 3470 17,
996 3408 1036 3461 15.

248 3602 264 3654 5
284 3607 493 3659 SeRmoNeS
564 3601 579 3652 7
604 3606 813 3686 wLmttxtUJS,
835 3607 948 3656 mirol]
978 3596 1076 3650 litteris
1093 3595 1184 3666 paullo
1202 3597 1350 3652 minoribus

206 3738 276 3775 man.
296 3722 310 3775 Ι
328 3721 356 3775 iu
375 3738 467 3775 rasura
484 3721 585 3791 posuit;
604 3736 670 3789 quae
689 3719 744 3774 sint
761 3737 843 3785 erasa,
863 3735 917 3773 non
934 3719 1020 3788 liquet
1091 3721 1123 3775 lo
1148 3729 1350 3809 etxjttbtelle

206 3881 236 3936 11
257 3836 462 3964 dtffkumpe,
482 3878 554 3947 prior
574 3888 594 3938 R
612 3877 703 3932 littera
721 3877 824 3932 duabus
842 3876 919 3931 lineis
937 3876 1054 3931 obducta
1164 3877 1197 3932 14
1227 3877 1352 3946 etlam]

203 4002 317 4056 fortasse
335 4010 418 4062 ecce
437 4001 515 4056 scrib,
535 4004 582 4067 est,
603 4001 727 4070 Septuag.
747 3997 801 4050 root
899 3998 1036 4082 factus]
1062 3998 1117 4053 uid.
1146 3997 1225 4053 Arch.
1255 3999 1273 4053 i.
1301 4001 1349 4054 lat.

203 4160 340 4229 Lenikogr.
360 4161 411 4224 ΙΠ,
431 4162 482 4216 315
554 4163 585 4216 15
615 4113 920 4219 {pmfflgssffimlwg
1041 4159 1073 4213 16
1106 4160 1349 4245 eupolum&

206 4285 237 4339 19
256 4276 403 4367 plasme
473 4285 508 4338 22
525 4274 731 4366 parabola,
756 4292 775 4340 o
800 4297 829 4334 ex
854 4290 876 4340 o
901 4296 967 4333 corr.
