2896 4808
132 362 174 427 68
479 379 689 432 Priscilliani
712 383 879 432 tractatus
897 379 929 432 V.

131 539 327 621 septimanae
350 541 483 621 etopus
507 556 660 617 crescens,
684 539 858 601 reformans
881 538 914 600 in
936 557 969 600 se
993 538 1140 601 eclesiam
1157 537 1281 600 demini

129 662 185 726 per
208 642 302 705 fidem
318 642 447 722 Christi,
472 643 553 706 sicut
577 641 731 706 scribtum
754 644 816 705 est:
841 642 1030 724 sapientia
1053 641 1280 705 aedificabit

131 747 204 810 sibi
225 748 370 810 domum
387 750 423 811 et
437 747 613 811 fundauit
629 747 734 810 illam
750 747 930 810 columnis
949 749 1106 829 septem;
1130 746 1279 827 inquam

69 866 106 918 91
134 852 262 915 domum
286 855 322 942 et
352 869 417 915 ucs
441 854 630 933 tamquam
660 849 820 936 lapipides
847 851 926 914 uiui
950 850 1209 914 aedificamini
1239 850 1278 912 in

131 955 256 1019 dumos
287 956 497 1039 spiritales,
529 956 736 1019 offerentes
764 955 910 1019 hostias
938 955 1188 1019 inmaculatas
1220 973 1278 1018 ac·
1305 975 1318 1014 5

131 1059 339 1143 captabiles
363 1061 439 1140 deu,
471 1063 635 1142 tamquam
657 1060 779 1124 renati
803 1078 873 1123 nun
898 1079 938 1123 ex
962 1060 1103 1124 semine
1127 1077 1277 1142 currup-

130 1163 235 1228 tibili
256 1165 319 1228 sed
334 1164 630 1247 incorruptibili,
654 1164 767 1228 uerbo
784 1165 841 1227 dei
856 1165 935 1228 uiui
959 1168 995 1228 et
1009 1166 1275 1247 permanentes

129 1269 166 1332 in
191 1271 394 1349 aeternum,
418 1272 453 1333 ut
469 1269 544 1333 facti
564 1268 733 1332 sabbatum
749 1268 867 1332 domini
891 1272 923 1332 et
939 1268 977 1332 ab
1002 1268 1148 1332 omnibus
1164 1269 1276 1331 mundi

132 1372 256 1436 actibus
272 1373 375 1437 feriati
394 1373 473 1436 nihil
489 1373 629 1436 debeatis
647 1374 780 1453 saeculo,
798 1373 852 1436 sed
868 1373 1072 1454 requiescatis
1088 1373 1120 1436 in
1138 1372 1274 1436 Christo.

234 1556 250 1609 2
268 1554 348 1608 Pruu.
362 1558 386 1616 9,
402 1557 424 1609 1.
496 1555 513 1608 4
531 1554 553 1607 Ι.
567 1554 639 1608 Petr.
653 1557 677 1617 2,
691 1558 715 1609 5.
788 1557 804 1608 6
827 1554 924 1622 renati]
944 1553 966 1607 I.
979 1554 1051 1607 Petr.
1067 1556 1089 1617 1,
1104 1556 1145 1609 23.

173 1746 577 1872 9κε’ᾳυιεεωκτῗιψῌ)ἰ
631 1773 1277 1871 prmir-raactarus·eemesrs·bmcrprr

130 1883 277 1963 exbobrb
303 1894 360 1946 1000
384 1883 506 1954 exbobr
532 1896 610 1947 antea
632 1893 713 1946 fuisse
732 1894 839 1947 uidetur
858 1883 1031 1954 cresbere.
