2896 4808
590 350 758 402 tractatus
777 349 812 404 Π.
1238 335 1279 398 39

120 531 193 594 que
218 529 311 593 quae
332 511 370 573 in
391 512 491 572 terra
514 509 685 572 deorsum
707 527 827 589 neque
851 505 972 592 (quae)
996 508 1063 572 sub
1089 510 1196 590 aquis
1220 530 1281 574 ne-

121 636 194 700 que
223 633 318 696 quae
348 613 414 676 sub
443 616 551 676 terra.
586 612 660 692 Quis
688 613 779 676 uellit
805 613 1057 677 Nouatianorum
1084 613 1281 697 baptismata

120 721 276 804 repetita,
312 737 386 782 cum
422 717 574 781 scribtum
605 718 663 781 sit:
700 735 773 780 una
807 718 904 780 fides
940 736 1052 780 unum
1087 717 1281 801 baptisma

122 844 221 890 unus
249 825 349 887 1000,
383 822 522 902 Quarum
548 825 655 885 tamen
683 825 840 885 sectarum
867 822 1088 885 infelicitatem
1115 826 1197 887 teste
1221 824 1278 887 deo

94 931 253 996 00101010
278 928 352 1011 quia
376 946 411 990 er
434 926 550 990 fabulis
574 927 671 1010 uulgi,
695 945 757 990 non
781 945 817 989 er
840 927 948 1007 aliqua
970 927 1181 991 contentionis
1206 946 1279 992 con-

122 1037 244 1100 latione
261 1029 495 1117 cognoluimus,
519 1032 593 1112 quia
616 1050 696 1095 cum
718 1031 777 1094 his
801 1032 852 1095 uel
876 1032 1123 1095 contendisse
1147 1051 1277 1117 peccare

123 1143 184 1220 est,
202 1157 302 1202 unum
318 1136 379 1200 hoc
395 1136 529 1199 scientes
551 1135 632 1216 quod
650 1136 703 1218 qui
724 1134 784 1198 sibi
806 1138 963 1199 sectarum
983 1155 1098 1200 nomen
1121 1137 1279 1220 inponunt

124 1242 299 1310 Christiani
319 1259 435 1305 nomen
452 1241 617 1303 amittunt:
641 1240 722 1303 inter
738 1258 817 1321 quae
841 1244 948 1304 tamen
964 1243 1070 1305 omnia
1085 1242 1277 1324 Manicaeos,

124 1351 192 1414 iam
215 1366 279 1411 000
302 1345 472 1425 hereticos,
497 1345 550 1408 sed
574 1345 755 1408 idololatras
780 1348 811 1408 et
833 1344 992 1409 maleficos
1017 1364 1125 1410 seruos
1141 1345 1222 1412 Solis
1246 1352 1278 1413 et

82 1472 110 1510 10
124 1454 246 1532 Lunae,
278 1450 462 1514 inuictiacos
490 1450 657 1513 daemones
689 1467 760 1513 cum
792 1449 938 1514 omnibus
970 1451 1150 1515 auctoribus
1182 1454 1276 1517 sectis

125 1557 268 1622 moribus
302 1555 457 1619 institutis
489 1553 578 1617 libris
611 1553 789 1618 doctoribus
821 1555 1045 1638 discipulisque
1077 1557 1276 1639 damnamus,

124 1663 200 1745 quia
228 1663 266 1724 de
296 1660 346 1723 his
377 1658 530 1723 scribtum
561 1663 627 1722 est:
658 1677 738 1722 cum
768 1660 837 1724 tali
869 1678 934 1723 nec
965 1661 1115 1742 quidem
1149 1661 1276 1726 cibum

125 1784 282 1831 sumere.
306 1764 405 1828 Nobis
430 1764 514 1827 enim
531 1762 674 1827 Christus
695 1765 771 1828 deus
788 1765 839 1827 dei
858 1764 941 1828 filius
961 1783 1074 1848 passus
1095 1765 1127 1828 in
1149 1783 1276 1830 carnem

127 1871 304 1935 secundum
327 1869 421 1931 fidem
449 1868 583 1952 symboli
609 1868 777 1951 baptizatis
805 1872 837 1932 01
864 1869 971 1933 0100110
1000 1870 1039 1932 01
1066 1871 1276 1934 sacerdotium

85 1996 111 2036 1⁵
126 1978 160 2040 in
176 1975 305 2040 nomine
321 1974 419 2057 patris
443 1977 474 2037 et
497 1973 542 2036 fili
566 1977 597 2036 et
619 1973 748 2055 spiritus
773 1975 874 2038 sancti
897 1977 964 2038 tota
986 1974 1074 2055 fides,
1090 1971 1100 2060 ll
1115 1977 1182 2038 tota
1198 1976 1274 2057 uita,
1299 1984 1339 2038 48

126 2084 195 2145 1010
218 2079 379 2143 ueneratio
403 2081 459 2141 est.

170 2185 208 2248 In
232 2184 292 2247 hac
313 2202 385 2267 ergo
409 2183 541 2246 ueritate
564 2183 637 2246 fidei
665 2184 751 2247 etin
778 2183 838 2246 hac
862 2183 1064 2265 simplicitate
1092 2185 1275 2249 uiuentibus

126 2289 217 2354 nobis
244 2307 262 2352 a
285 2287 577 2371 Caesaraugustam
601 2287 741 2370 synhodo
764 2288 921 2370 Hydatius
944 2288 1035 2368 redit,
1064 2288 1144 2353 nihil
1167 2293 1276 2354 contra

127 2413 184 2459 nos
200 2394 349 2474 referens,
373 2394 488 2476 quippe
503 2411 580 2473 quos
601 2396 632 2456 et
648 2393 714 2475 1000
734 2393 767 2456 10
784 2392 905 2456 eclesiis
922 2394 1038 2457 nostris
1056 2412 1163 2458 secum
1179 2395 1276 2459 etiam

85 2522 113 2560 20
127 2499 396 2564 communicantes
420 2498 589 2561 demiserat
617 2500 648 2560 et
671 2515 748 2578 quos
777 2515 869 2561 nemo
893 2516 950 2560 nec
978 2497 1124 2562 absentes
1148 2499 1277 2580 quidem

126 2607 331 2689 praesumpta
353 2603 551 2667 accusatione
568 2603 781 2666 damnauerat.
807 2600 867 2666 Sed
883 2605 919 2666 01
942 2602 1022 2666 00101
1045 2621 1158 2666 000000
1181 2622 1277 2667 0000-

125 2709 296 2774 rabditatis
320 2711 408 2788 tuae,
431 2707 513 2770 0010
537 2707 812 2771 excandescentiae
836 2707 902 2770 eius
927 2707 1027 2787 dolor,
1056 2708 1138 2771 unde
1162 2707 1276 2772 debac-

127 2834 202 2879 cans
220 2817 285 2878 1010
309 2812 383 2877 orbe
399 2813 495 2876 etiam
511 2812 543 2876 10
560 2812 689 2876 00100100
706 2812 791 2876 furor
806 2811 916 2875 fucrit:
939 2831 1084 2875 reuersus
1102 2831 1118 2875 e
1135 2812 1275 2894 synhodo

128 2925 159 2986 et
179 2921 212 2984 iu
236 2920 339 2983 media
362 2918 476 2996 eclesia
498 2919 609 2981 sedens
633 2937 703 2981 reus
725 2935 744 2980 a
762 2916 943 2999 presbytero
968 2934 1023 2980 suo
1048 2917 1126 2980 actis
1147 2918 1275 2981 eclesia-

86 3026 215 3090 asticis
238 3024 370 3108 petitur;
396 3024 486 3087 datur
511 3023 606 3087 etiam
628 3026 700 3106 post
720 3019 724 3106 l
745 3023 810 3086 dies
833 3040 947 3105 paruos
963 3023 997 3085 in
1013 3022 1135 3086 eclesiis
1159 3023 1274 3087 nostris

127 3151 146 3196 0
163 3130 351 3214 quibusdam
370 3128 495 3193 libellus
518 3132 549 3193 et
569 3129 723 3192 deteriora
746 3146 841 3209 quam
861 3128 947 3211 prius
969 3127 1203 3210 apraesbytero
1220 3127 1276 3190 ob-

126 3233 596 3317 iectafue1·antobponuntur;
626 3235 793 3316 segregant
817 3251 850 3295 00
874 3233 911 3295 10
934 3233 1053 3295 clericis
1077 3232 1176 3314 ipsius
1204 3233 1275 3314 plu-

126 3342 209 3422 rimi,
230 3339 412 3423 profitentes
432 3357 496 3402 non
516 3338 577 3402 nisi
596 3341 730 3421 purgato
751 3337 903 3401 sacerdoti
924 3355 957 3400 se
978 3338 1272 3400 communicaturos.

231 3513 333 3582 311010.
352 3516 377 3576 4,
396 3515 420 3567 5.
492 3514 508 3567 6
527 3510 809 3574 ef.Pr0uerb,24,19.
881 3512 913 3565 12
933 3510 954 3563 Ι.
975 3509 1034 3564 Cor.
1053 3512 1078 3574 5,
1097 3512 1138 3565 11.

231 3656 265 3709 24
284 3652 317 3707 of.
337 3654 476 3722 Hilarius,
496 3653 528 3706 dc
545 3653 609 3707 tria.
624 3653 676 3720 IV,
688 3655 732 3705 12.-
753 3650 842 3705 mcdia
865 3651 893 3702 in
916 3649 1025 3703 ecclesia
1048 3652 1075 3702 01
1098 3650 1127 3702 10
1149 3665 1274 3704 00000000

127 3742 251 3805 fratrum,
269 3740 323 3793 uid.
343 3740 424 3793 etiam
441 3744 477 3793 13
495 3742 521 3792 01
542 3741 591 3808 VI,
610 3742 634 3793 5.
654 3743 677 3792 6.

180 3902 194 3955 1
224 3907 323 3982 quae
340 3898 410 3963 (0010
430 3897 509 3963 sue)
531 3896 605 3948 deest
627 3896 655 3948 10
678 3894 775 3958 001100,
800 3894 846 3948 001
865 3897 949 3948 exstat
971 3893 1129 3973 antecedens
1147 3909 1198 3946 uox
1219 3903 1275 3954 Νε

128 4015 199 4090 que
226 4004 255 4056 in
273 4019 364 4056 uersus
382 4001 435 4055 fine
511 4003 527 4055 2
554 3993 664 4068 υεΙΙιῖ]
687 3999 800 4053 scribere
822 3992 911 4060 uelat
934 4016 987 4053 non
1009 3999 1097 4068 placet
1174 4001 1206 4054 10
1227 4009 1271 4057 ΙΝ

130 4109 317 4176 caetratos]
334 4107 511 4176 logenoumne
533 4105 775 4166 truncandos?
879 4108 911 4161 13
932 4085 1112 4172 00010000]
1134 4103 1188 4156 uid.
1208 4119 1274 4170 quae

128 4217 161 4270 de
178 4215 231 4269 litt.
244 4213 273 4266 M
290 4214 433 4284 parasitica
451 4213 505 4265 dixi
517 4213 545 4265 in
563 4211 736 4281 praefationis
755 4212 840 4279 capite
858 4210 888 4264 Π
941 4211 975 4265 24
993 4209 1022 4263 F.
1035 4209 1114 4262 Loofs
1133 4209 1162 4261 10
1174 4207 1273 4261 ‘Theoi

126 4300 377 4369 Literaturzeitung‘
397 4300 447 4369 (ed.
461 4299 596 4369 Hernack)
616 4301 691 4364 1886,
711 4299 758 4352 col.
773 4301 824 4353 395
843 4297 956 4350 coniecit
974 4294 1154 4366 ‘presbyterio'

1268 4512 1349 4525 h
