2896 4808
207 317 249 382 58
653 335 882 390 .Priscilliani

147 505 162 557 7
168 504 184 556 6
209 495 241 558 in
258 496 585 558 commemorationem
602 496 751 578 inpensae
767 514 822 577 pro
839 495 930 559 notris
942 492 1106 581 pasllsionis
1120 496 1285 560 exhortans
1300 498 1352 560 uel

207 599 422 662 anniuersario
444 600 512 663 uice
537 601 579 663 ad
603 599 879 664 obaudiendum
903 618 968 664 nos
992 601 1084 664 fidci
1108 604 1243 684 cogeret,
1272 620 1352 682 quos

207 722 299 767 omne
322 704 404 784 quod
427 704 566 769 uiuimus
590 704 650 768 sibi
675 705 733 768 soli
756 704 867 768 debera
891 705 1099 785 meminisset,
1130 705 1253 769 dicente
1277 724 1351 789 apo-

208 808 300 872 stolo:
319 808 508 871 sinemors
523 809 603 872 siue
617 809 1112 892 uitasiuepraesentiasiue
1128 810 1350 890 futura,om-

207 912 268 975 nia
283 915 410 976 uestra
427 916 523 993 sunt,
544 932 609 977 uos
627 917 749 976 autem
767 911 920 993 Christi,
939 912 1113 978 Christus
1138 917 1264 977 autem
1280 914 1348 978 dei.
1378 931 1392 970 ⁵

206 1125 241 1184 ut
266 1140 398 1184 sensuus
423 1124 544 1185 uestros
576 1122 659 1185 intra
683 1122 844 1206 angustias
868 1122 1025 1185 humanae
1056 1120 1271 1186 inbecillitatis
1295 1123 1350 1186 ob-

207 1245 309 1290 sessos
334 1230 496 1308 tamquam
513 1227 544 1290 in
569 1245 684 1290 nouam
700 1227 804 1290 lucem
827 1227 974 1310 religiosa
990 1227 1120 1290 docendi
1137 1228 1350 1291 exhortatione

205 1331 361 1411 laxemus,
397 1333 590 1395 neccessario
621 1332 841 1396 inchoantibus
873 1332 905 1395 in
935 1332 1206 1414 praeparationem
1242 1329 1349 1416 susci-l

204 1435 336 1517 piendae
356 1437 491 1518 paschae
507 1435 616 1500 diebus
641 1436 985 1519 quadragensimarum,
1010 1437 1092 1500 siout
1115 1436 1268 1500 scribtum
1292 1440 1392 1516 est,10

205 1543 398 1621 tamquam
428 1539 516 1604 boni
546 1544 808 1623 procuratores
838 1540 1084 1604 multiformis
1114 1541 1259 1624 gratiae
1293 1542 1352 1605 dei

206 1643 284 1708 aliut
316 1664 355 1708 ne
386 1645 442 1708 fiat
469 1645 673 1709 secundum
696 1645 894 1728 imperium
924 1645 1145 1727 praecipimus,
1181 1645 1266 1709 aliud
1297 1666 1351 1710 εθ-

205 1749 365 1812 cundum
388 1750 537 1813 ueniam
561 1750 794 1833 depraecamur,
827 1750 975 1831 quoniam
1002 1749 1035 1813 in
1065 1750 1124 1814 hoc
1154 1753 1296 1832 tempore
1320 1754 1352 1814 et

205 1855 257 1935 qui
293 1854 357 1917 iarn
392 1874 424 1917 se
455 1873 473 1918 a
504 1854 597 1918 malis
633 1855 771 1919 abstinet
803 1856 990 1918 adsuescens
1021 1853 1112 1918 bonis
1144 1852 1237 1918 debet
1268 1855 1350 1918 uelle

205 1959 334 2023 meliora
357 1962 389 2022 et
412 1960 465 2040 qui
489 1959 590 2022 adhuc
613 1959 845 2041 indisciplinato
869 1959 979 2022 mundi
1003 1976 1105 2022 errore
1122 1959 1350 2043 constringitur
1365 1985 1390 2026 15

204 2064 344 2127 reuocari
359 2063 398 2126 ab
416 2064 526 2127 alienis
542 2064 593 2126 uel
610 2064 799 2127 solemnium
816 2063 937 2127 dierum
953 2063 1172 2128 obseruatione
1189 2064 1349 2145 suadetur,

76 2248 79 2253 .
204 2171 240 2230 ut
263 2167 450 2232 adueniente
480 2168 597 2252 pascha
621 2169 739 2232 domini
770 2169 878 2250 etqui
908 2168 1009 2232 fidelis
1034 2171 1083 2232 est
1113 2169 1288 2232 custodisse
1316 2189 1350 2232 se

144 2281 158 2333 a
166 2282 180 2333 7
206 2277 367 2355 acceptam
392 2272 488 2336 semel
512 2273 732 2337 mandatorum
763 2270 865 2358 fijldem
888 2274 1025 2356 gaudeat
1048 2276 1079 2336 et
1110 2273 1274 2355 paenitens
1299 2292 1350 2336 sa·

204 2379 303 2441 lutem
318 2380 440 2460 repetat
455 2382 487 2441 et
502 2378 717 2441 catecuminus
731 2378 853 2441 futurae
869 2378 1063 2441 remissionis
1076 2378 1350 2442 confidentiam

205 2502 275 2547 non
300 2483 461 2562 amittat,
492 2486 528 2547 ut
551 2483 748 2565 adinpleatur
780 2483 863 2564 quod
886 2482 1038 2545 scribtum
1067 2485 1129 2546 est:
1162 2501 1245 2545 ecce
1270 2482 1390 2546 diesen

205 2588 344 2652 domini
369 2591 404 2651 et
428 2588 593 2651 salutare
617 2588 711 2650 eius!
744 2588 890 2671 aperite
913 2590 1052 2669 portas
1083 2591 1124 2651 ut
1145 2586 1268 2650 intret
1290 2605 1350 2670 po-

204 2694 331 2775 pulum
364 2692 585 2756 custodiens
616 2692 807 2755 iustitiam
844 2695 879 2755 et
908 2691 1124 2771 ueritatem,
1159 2690 1246 2773 quia
1278 2709 1350 2754 am-

203 2798 416 2880 plectentes
447 2797 686 2860 intellectum
717 2799 967 2879 perceperunt
993 2814 1121 2878 paoem
1152 2798 1349 2877 sperantes

204 2903 240 2966 in
258 2903 412 2966 domino.
429 2903 586 2985 Propter·
602 2901 706 2983 quod,
724 2901 929 2980 dilectissimi,
947 2900 1349 2965 caelestisuocationis

203 3005 1391 3089 participescastificateanimasuestrasdecet,sicutscribtum25

205 3115 262 3192 est,
280 3110 519 3175 abstinentes
537 3130 555 3174 a
570 3111 830 3193 corporalibus
847 3109 1049 3173 desideriis
1072 3128 1166 3191 quae
1182 3110 1350 3173 militant

307 3253 323 3304 2
336 3250 357 3303 Ι.
368 3250 439 3302 Petr.
452 3252 474 3312 1,
485 3253 525 3304 22.
581 3251 597 3303 4
616 3249 637 3302 Ι.
648 3248 706 3302 Cor.
717 3251 742 3312 3,
752 3251 798 3311 22;
817 3248 850 3301 cf.
864 3249 979 3303 Laodic.
992 3266 1019 3301 u.
1032 3253 1057 3301 8.
1112 3250 1142 3302 11
1157 3247 1178 3301 Ι.
1188 3248 1261 3301 Petr.
1272 3250 1296 3310 4,
1308 3251 1348 3303 10.

205 3336 598 3401 121.oor.7‚o;I.Tim.1‚1.
653 3339 685 3390 19
698 3335 779 3388 Hebr.
794 3339 835 3398 10,
849 3338 889 3389 35.
944 3338 978 3391 20
991 3335 1173 3398 Εε.26,2-4.
1221 3335 1350 3403 24Pr0p-

203 3424 255 3494 ter]
274 3424 355 3478 Hebr.
375 3427 399 3488 3,
421 3428 443 3480 l.
502 3427 535 3478 25
555 3423 711 3492 castificate]
730 3423 751 3476 Ι.
765 3423 836 3476 Petr.
850 3422 872 3486 I,
885 3426 927 3477 22.
994 3425 1027 3477 26
1046 3421 1220 3491 abstinentes]
1240 3422 1262 3475 I.
1276 3422 1348 3476 Petr.

203 3514 288 3575 2,11;
306 3511 358 3566 Ιθθ.
372 3514 397 3575 4,
412 3513 434 3565 1.

307 3637 322 3688 7
336 3636 474 3702 Hilarius,
488 3635 519 3688 de
532 3635 596 3688 tria.
607 3634 631 3702 I,
641 3637 689 3686 18:
701 3631 854 3684 meminisse
867 3635 971 3700 oportet
983 3634 1149 3684 terrenarum
1162 3631 1295 3685 mentium
1308 3630 1348 3684 in'-

203 3721 294 3774 firmas
313 3724 392 3788 atque
410 3719 557 3773 imbecillas
576 3720 713 3789 opiniones
726 3735 782 3772 esse
795 3717 945 3771 abiciendas
959 3721 985 3771 et
997 3734 1088 3772 omnes
1101 3717 1272 3788 imperfectae
1290 3735 1349 3772 sen-

203 3809 302 3861 tentiae
316 3807 452 3875 angustias
465 3807 589 3875 religiosa
602 3806 721 3860 discendi
734 3805 928 3874 exspectatione
940 3805 1079 3869 laxandas3
1093 3805 1126 3859 cf.
1136 3805 1208 3858 infra
1219 3822 1243 3874 p.
1255 3808 1297 3870 94,
1307 3809 1349 3860 22.

246 3951 262 4002 2
292 3937 401 4029 fabem
508 3949 524 4000 3
552 3963 582 3998 ex
611 3935 761 4007 ὸιςεκιῐε
790 3948 939 3998 atramento
966 3945 1105 4014 pallidiore
1134 3947 1282 3998 correctum
1310 3949 1351 3998 est

204 4094 354 4166 διςεΝῐε
407 4108 424 4160 4
443 4085 543 4181 &Zure
562 4101 618 4172 (ubi
630 4103 747 4171 primum
761 4102 886 4171 occurrit)
906 4107 962 4156 crat
975 4112 1069 4162 Sttve
1127 4058 1350 4182 DRAESOENiA

203 4267 384 4349 tuelssthal
455 4263 546 4316 leret
567 4269 717 4321 cosmos
789 4262 822 4316 20
842 4216 937 4344 quib,
958 4271 969 4320 t
988 4260 1026 4313 lin
1054 4259 1104 4315 del.
1181 4262 1215 4315 26
1234 4270 1342 4350 quae
