2896 4808
520 913 916 1031 PlllSClLLlrlNl

358 1130 640 1215 unrcmuos
675 1130 856 1214 esrum
891 1131 1077 1214 nnnnn.

18 1318 139 1454 „cumr
192 1387 367 1467 ‘Domine
398 1388 486 1469 quun
513 1387 763 1469 multiplicati
794 1390 881 1450 sune
911 1387 972 1469 qui
999 1387 1187 1451 tribulant
1217 1391 1296 1452 mea

147 1493 256 1555 multi
277 1493 480 1574 insurgunt
503 1492 682 1555 aduersus
699 1494 763 1555 me'
781 1492 955 1573 etreliqua.
988 1492 1075 1555 Licet
1089 1493 1204 1574 psalmi
1219 1493 1297 1556 titu-

147 1598 196 1660 lus
212 1599 373 1680 gestorum
390 1596 530 1660 ordinem
547 1599 663 1677 teneat,
688 1615 743 1660 cur
758 1596 861 1660 Dauid
885 1601 1012 1660 sanctus
1037 1597 1133 1660 animi
1156 1615 1175 1660 a
1197 1597 1322 1661 facien

147 1700 359 1765 Abessalon
374 1701 435 1764 fili
451 1701 663 1782 declinauorit,
687 1701 776 1765 nobis
793 1704 901 1764 tamen
917 1701 1064 1765 caelestia
1080 1719 1173 1784 opera
1190 1701 1298 1766 dicen-

148 1805 232 1870 tibus
260 1824 323 1870 non
353 1825 458 1870 rernm
482 1806 655 1869 carnalium
685 1805 911 1888 perscrutanda
939 1808 1022 1886 sunt,
1053 1810 1089 1871 uc
1110 1807 1242 1870 inuenta
1265 1808 1298 1871 in

148 1914 304 1975 secretum
319 1911 525 1992 inquisitionis
541 1911 687 1994 indagine
710 1911 831 1974 inuenti
853 1911 994 1993 praemia
1017 1911 1117 1994 operis
1142 1911 1298 1994 adsequa-

149 2034 230 2096 mur,
247 2016 327 2079 sicut
343 2014 495 2079 scribtum
512 2017 574 2078 est:
596 2016 776 2096 quaerite,
792 2016 910 2097 inquid,
927 2019 962 2079 et
985 2015 1201 2096 inuenietis,
1217 2018 1299 2100 pul-

150 2123 229 2184 sate
251 2123 287 2184 et
302 2120 492 2202 aperietur
515 2119 632 2200 nobie,
657 2123 689 2183 et
712 2119 800 2184 alibi:
826 2119 829 2203 l
855 2121 978 2184 omnia
1000 2120 1199 2203 possibilia
1221 2139 1338 2185 ore-10

150 2224 261 2288 denti.
285 2223 368 2287 Acta
387 2225 492 2306 itaque
512 2244 576 2307 per
594 2224 756 2307 speciem
772 2243 836 2306 per
852 2225 966 2288 fidem
983 2226 1127 2308 colligere
1144 2224 1297 2290 debemus

150 2332 181 2392 et
196 2328 330 2393 nisibilia
352 2346 446 2411 opera
461 2328 609 2393 inuisibili
625 2329 739 2393 mentis
754 2329 904 2412 indagare
921 2333 1050 2394 secreto.
1082 2329 1196 2393 Omnia
1213 2331 1298 2394 enim

148 2433 187 2496 in
211 2433 338 2516 figura
361 2436 469 2516 gesta
491 2434 650 2516 apostolus
674 2434 840 2498 adseuerat
863 2437 895 2498 et
915 2435 1035 2498 nostri
1059 2438 1188 2517 typum
1209 2439 1298 2499 ante-

150 2540 221 2621 acta
243 2542 428 2618 monstrare,
456 2541 491 2602 ut
514 2555 592 2621 opus
614 2537 730 2602 laboris
753 2558 808 2621 per
833 2539 995 2602 scientiam
1017 2540 1095 2622 legis
1119 2540 1297 2621 inluminet,

151 2660 228 2724 quos
255 2643 432 2726 ignorantia
454 2642 592 2707 tenebris
623 2645 697 2706 ante
721 2643 857 2724 uelabat,
889 2646 924 2707 nt
950 2644 1083 2727 apostoli
1114 2645 1153 2707 ad
1175 2643 1298 2709 Efesios
1313 2665 1338 2704 15

254 2806 407 2870 ereas.
422 2809 445 2862 1.
516 2805 885 2871 aMatth.7,a;Lue.11‚9.
941 2807 1155 2872 ldMarc.9‚22.
1211 2811 1243 2863 11
1264 2808 1297 2862 cf.

150 2895 186 2948 H.
200 2893 259 2949 Cor.
273 2897 297 2959 5,
310 2896 334 2947 7.
407 2896 439 2951 13
457 2894 478 2947 Ι.
493 2892 551 2948 Cor.
567 2896 607 2958 10,
621 2896 649 2958 6;
673 2893 706 2947 cf.
719 2894 802 2948 Prisc.
816 2910 873 2948 can.
892 2894 1009 2948 LXVIII
1032 2897 1059 2949 et
1076 2897 1224 2951 Bcchiara'i
1241 2897 1298 2966 fid,

150 2981 215 3050 Mig.
229 2983 270 3046 20,
285 2984 353 3037 1019
366 2979 394 3035 0.

254 3123 272 3175 4
295 3121 434 3190 Hilarius,
453 3122 560 3190 prolop.
584 3122 615 3175 a‘a
638 3122 746 3176 corotico
769 3121 922 3190 qaindecim
944 3121 1031 3191 prod,
1053 3125 1085 3177 2:
1110 3121 1144 3174 In
1165 3121 1299 3190 plerisque

150 3207 260 3276 psalmis
288 3207 375 3261 multa
397 3207 543 3261 secundum
565 3207 693 3261 historiae
716 3207 837 3261 ordinem
860 3208 889 3261 in
912 3208 1180 3277 superscriptionibus
1206 3225 1299 3263 eorum

151 3311 206 3348 csse
229 3294 352 3364 legimus,
376 3297 407 3348 ut
429 3293 499 3348 ‘cum
523 3295 594 3363 fugit
616 3294 705 3349 Dauid
729 3313 745 3348 a
766 3295 835 3349 facie
857 3295 908 3348 filii
931 3296 972 3348 sui
995 3294 1150 3349 Abessalon’
1174 3298 1237 3360 etc.;
1267 3327 1299 3335 -

151 3383 226 3450 aoid,
245 3383 283 3437 ad
296 3383 396 3452 psalm.
418 3382 525 3452 CXIX,
542 3387 574 3436 1.-
600 3383 775 3452 Propheticus
804 3399 890 3436 sermo
916 3382 980 3436 licet
1007 3382 1143 3436 communi
1171 3400 1221 3436 usu
1249 3384 1299 3437 hu-

151 3468 225 3522 mani
243 3468 371 3521 sermonis
391 3471 490 3533 utatur,
517 3471 608 3522 tamen
627 3486 681 3523 non
699 3469 811 3522 eandem
834 3485 901 3537 quae
925 3469 1061 3523 communi
1084 3469 1172 3522 sensui
1196 3470 1301 3525 adiacet

152 3555 360 3624 significantiam
388 3556 515 3610 continet.
551 3556 675 3625 Namque
703 3557 838 3624 quemme,
866 3559 946 3625 prout
972 3573 1109 3625 possemus
1136 3556 1300 3626 intellegere,

152 3660 242 3697 rerum
260 3642 414 3696 caelestium
433 3643 644 3697 enuntiationem
667 3643 814 3712 templarii,
838 3644 968 3698 uirtutem
991 3647 1082 3698 tamen
1105 3644 1300 3712 significantiae

153 3747 216 3785 suae
235 3729 373 3784 moderata
391 3730 455 3784 licet
472 3730 617 3785 uerborum
636 3731 762 3785 electione
782 3731 907 3785 seruauit.

197 3898 214 3950 2
237 3894 298 3949 Uid.
323 3894 545 3964 subscriptionem
568 3898 699 3950 tractatus
722 3896 828 3964 septimi
906 3900 922 3951 3
946 3895 1027 3950 uerba
1051 3885 1298 3959 δοωιΝε-ιΝ

154 3982 304 4071 Simenal
323 4002 377 4054 tres
396 4017 489 4054 uersus
509 4001 670 4070 complentia
687 4000 768 4054 rubro
784 4000 869 4054 colore
882 4004 987 4055 exarata
1000 4005 1063 4055 sunt
1141 4004 1158 4057 4
1180 4012 1300 4062 INSUR

155 4088 347 4185 oculeum,
368 4106 426 4174 syll.
447 4117 519 4177 euru
542 4107 619 4175 nigre
637 4105 683 4159 lin.
704 4106 753 4159 del.
843 4087 962 4184 isreel,
987 4107 1016 4159 in
1034 4123 1118 4175 marg.
1191 4111 1296 4191 aper

155 4201 399 4273 scrutandae
505 4214 537 4268 15
557 4221 725 4296 mestos,
750 4211 823 4280 prior
848 4221 864 4293 f
885 4211 956 4265 linea
975 4214 1001 4265 et
1018 4214 1117 4281 puncto
1137 4211 1188 4266 del.
