2896 4808
631 380 796 433 tractatus
815 379 861 432 XI.
1163 463 1166 470 Ι
1254 365 1316 431 105

169 538 215 600 tui
239 555 341 601 sermo
364 537 542 619 disponeret
564 540 595 600 et
616 538 821 619 unumquid
843 557 981 603 uocans
1005 542 1153 604 nomine
1181 560 1260 622 suo,
1287 538 1315 605 'si

171 640 357 704 sublimaret
381 644 494 720 erecta,
525 641 636 705 diuexa
658 645 812 725 uergeret,
842 645 971 725 praessa
1000 645 1151 727 planaret,
1183 646 1317 727 aperiret

171 746 368 828 campestria,
400 746 550 809 siluarum
573 749 693 830 tegeret
723 748 853 827 occulta,
884 748 942 812 tibi
967 742 1024 813 soli
1041 738 1093 813 ¹ad
1124 751 1315 832 agnitionem

170 850 320 913 scientiae
336 853 409 913 tuae
425 850 579 914 factorum
601 851 702 934 gloria
725 854 790 915 tota
812 853 998 933 concineret,
1022 854 1072 917 oui
1096 854 1153 917 etsi
1176 853 1316 919 confiteri

144 955 203 1019 sin
229 955 399 1036 loquellam
424 959 511 1019 muta
534 973 596 1020 non
619 959 757 1038 possent,
789 960 896 1021 tamen
927 957 1178 1041 dispositionibus
1210 978 1316 1022 rerum

170 1059 301 1140 loquens
324 1059 402 1122 ratio
426 1060 671 1142 omnipotentiae
694 1060 911 1125 testimonium
934 1080 997 1126 non
1020 1066 1157 1145 negaret.
1184 1060 1187 1145 l

171 1161 263 1246 Irr(?)
281 1213 646 1228 ...............
1101 1152 1103 1155 V
1191 1151 1193 1154 Ι
1291 1153 1294 1156 .

171 1267 358 1352 bulacru(?)
381 1268 587 1352 statutum(?)
611 1287 708 1351 quae

172 1372 503 1438 commutationem
532 1373 603 1438 tibi

133 1476 323 1559 indignam
350 1476 521 1542 dabimus
548 1497 612 1560 pro

172 1580 367 1645 animabus
396 1582 552 1663 nostrie,
577 1602 667 1648 sanc-

172 1688 202 1748 te
226 1688 323 1767 pater,
348 1687 544 1769 omnipotens

173 1790 260 1870 deus,
283 1794 338 1855 aut
361 1791 446 1872 quid
470 1795 527 1856 est
549 1792 610 1857 ho-

173 1913 228 1958 mo
252 1896 347 1976 quod
370 1915 501 1960 memor
525 1916 562 1961 es

133 2026 159 2064 15
174 2000 251 2063 eius
276 1997 483 2084 autfidius
507 2001 674 2065 bominis

171 2108 323 2187 propter
347 2103 446 2189 quod
467 2105 614 2168 uisitur

174 2227 265 2288 eum,
289 2209 350 2272 nisi
373 2211 454 2291 quod
476 2211 509 2274 in
532 2211 625 2293 glori-

173 2332 225 2377 am
248 2315 327 2378 tanti
350 2315 451 2397 operis
476 2315 569 2379 smis-

173 2418 199 2481 si
223 2419 420 2501 agnoscimus
444 2418 526 2501 quic

132 2521 399 2605 aofigmeutuor
421 2532 528 2586 tuum
550 2546 609 2586 ou-

174 2644 253 2689 mus
276 2627 312 2690 iu
336 2628 513 2711 operibus
536 2629 644 2694 bonis

174 2749 265 2812 quae
289 2734 539 2815 praeparasti,
564 2737 603 2797 ut

174 2837 210 2898 in
233 2836 312 2900 illis
337 2837 591 2901 ambulemus?
662 2836 664 2840 ’

279 3031 291 3082 1
307 3027 339 3080 ci.
350 3027 393 3080 Ps.
405 3029 463 3091 146,
473 3029 503 3090 4;
515 3027 558 3080 Es.
569 3029 610 3091 43,
622 3032 634 3083 1
650 3027 683 3081 al.
737 3033 753 3085 8
772 3045 852 3096 quam
865 3059 896 3068 —
908 3031 938 3084 11
950 3031 1058 3100 nostris]
1073 3031 1106 3084 ef.
1117 3032 1213 3085 Mattlr.
1227 3035 1266 3094 16,
1277 3035 1317 3086 26.

175 3116 207 3170 13
225 3114 289 3182 quid
303 3144 335 3152 -
350 3117 382 3170 17
395 3113 468 3182 eum]
488 3114 531 3167 Ps.
542 3118 565 3177 8,
577 3117 600 3170 5.
655 3117 688 3171 20
707 3115 866 3183 figmentum
877 3144 909 3155 —
920 3119 954 3172 23
973 3117 1056 3186 amb]
1074 3118 1140 3187 Eph.
1156 3120 1179 3181 2,
1195 3121 1234 3173 lo.

279 3309 310 3363 11
331 3306 364 3361 cf.
382 3307 493 3362 Hilarii
511 3307 600 3360 locum
619 3324 699 3376 supra
717 3308 751 3361 ad
770 3310 898 3376 p.103‚3
916 3309 1064 3363 laudatum.

219 3503 231 3556 1
263 3489 486 3582 υΝυωᾳυιδ]
514 3501 568 3553 uid.
600 3516 681 3568 supra
706 3516 731 3568 p.
754 3503 836 3569 77,d
941 3504 957 3556 2
988 3502 1101 3556 conicias
1128 3495 1320 3584 ρΙΑΝΑκεῐ

174 3609 190 3661 5
211 3587 532 3688 loquellfflllblltb]
544 3604 748 3659 scribendumne
763 3597 943 3687 loquella?
962 3605 1008 3659 sed
1021 3605 1075 3660 uid.
1089 3624 1169 3676 supra
1181 3624 1207 3676 p.
1221 3609 1319 3671 aar&

173 3695 215 3756 48,
232 3697 248 3748 7
255 3713 261 3755 3
285 3695 325 3755 55,
344 3695 377 3748 13
401 3691 433 3746 al.
516 3696 530 3748 7
555 3691 627 3745 Haec
650 3690 746 3745 ultima
768 3692 865 3746 codicis
889 3693 988 3762 pagina
1010 3693 1104 3746 misere
1132 3694 1239 3748 foedata
1267 3698 1320 3758 est;

174 3779 292 3848 singulas
315 3779 398 3847 igitur
420 3779 503 3833 lineas
527 3796 644 3833 seorsum
668 3778 739 3848 typis
763 3779 978 3834 transcribendas
1003 3780 1129 3834 curabam
1154 3784 1233 3850 atque
1252 3797 1319 3850 quae

174 3866 265 3920 effluxi
283 3868 420 3936 scripturo
438 3869 573 3922 inclinatu
595 3866 634 3920 ita
656 3868 736 3934 rupta
754 3864 858 3920 detersa
882 3867 979 3921 detrita
998 3870 1068 3932 sunt,
1087 3871 1118 3921 ut
1139 3868 1258 3937 ligneum
1277 3885 1320 3923 co-

175 3954 240 4008 dicis
259 3954 474 4028 integumentum
492 3954 570 4023 plane
589 3953 625 4007 sit
643 3953 867 4008 commaculatum
886 3954 1007 4023 uestigiis
1025 3955 1178 4009 litterarum
1195 3955 1260 4009 olim
1273 3956 1319 4009 ad-

173 4043 398 4104 haerescentium;
420 4041 501 4110 primi
524 4058 586 4095 uero
605 4057 697 4094 uersus
716 4041 758 4110 (=
779 4040 825 4095 lin.
845 4046 859 4097 7
879 4044 961 4096 nostr.
976 4042 1027 4109 ed.)
1046 4043 1179 4111 scriptura
1196 4042 1319 4096 funditus

174 4128 291 4193 euanuit,
311 4129 362 4182 nisi
376 4129 446 4196 quod
459 4129 487 4182 iu
500 4129 557 4197 ipso
569 4145 662 4181 uersus
675 4127 752 4181 initio
766 4127 847 4182 fuisse
860 4128 968 4182 uidetur
982 4110 1072 4191 ‘1th
1089 4128 1219 4183 Matthaei
1238 4130 1320 4184 uerba

174 4215 289 4269 ‘lucrari'
313 4218 340 4270 et
363 4214 466 4270 ‘totum'
489 4216 553 4285 (uid.
577 4216 712 4269 uersiones
736 4216 859 4284 antiquas
884 4216 918 4269 ad
940 4216 1037 4270 marth.
1057 4219 1097 4280 16,
1111 4219 1155 4285 ab)
1174 4218 1203 4270 in
1222 4217 1320 4271 codicis

174 4303 220 4357 lin.
240 4306 256 4358 2
274 4303 356 4357 latere
375 4303 458 4357 nolim
475 4302 602 4356 hariolari
674 4305 704 4358 17
726 4292 817 4385 quob
837 4303 938 4371 scripsi,
958 4302 1027 4356 cod:
1048 4314 1118 4385 quo
