2896 4808
214 328 256 392 60
679 347 887 402 rasennam

214 507 289 569 deus
312 507 463 589 pudorem
494 507 623 570 humani
648 507 761 570 exordii
793 526 854 571 non
878 527 1036 590 recusans,
1070 509 1143 572 dum
1168 509 1356 573 multimoda

212 611 355 675 ueritatis
378 610 411 675 in
435 630 468 673 se
498 611 656 675 sustinens
680 616 867 696 argumenta
889 614 1046 677 humanae
1077 613 1252 677 natiuitatis
1275 614 1356 679 uitia

150 720 187 776 79
212 716 360 800 castigat,
391 716 593 798 conceptione
623 720 714 799 partu
745 717 903 801 uagitibus
931 715 939 803 ll
967 718 1055 782 cunis
1086 737 1193 782 omnes
1224 722 1354 783 naturae

211 824 336 885 nostrae
352 820 558 885 contumelias
575 823 804 903 transcurrent,
824 826 869 903 ut,
893 822 1023 887 ueniens
1043 823 1076 886 in
1095 841 1222 887 earnem
1238 824 1354 888 consti-

211 927 365 990 tutionem
388 926 503 990 decreti
520 925 684 990 anterioris
708 925 935 1012 eue1·teret<et>
950 928 983 991 in
1006 928 1184 1011 patibulum
1199 928 1353 1011 gloriosae
1380 944 1394 984 5

212 1031 311 1095 erucis
335 1031 502 1095 maledicta
524 1034 666 1094 terrenae
686 1031 908 1096 dominationis
932 1032 1071 1116 adfigens
1095 1033 1270 1097 inmortalis
1286 1034 1353 1116 ipse

210 1155 311 1218 neque
333 1138 434 1200 morte
460 1135 634 1199 uincendus
657 1154 712 1219 pro
743 1137 933 1201 morientum
960 1138 1146 1202 aeternitate
1169 1141 1351 1202 moreretur.

211 1240 290 1306 Cum
314 1259 374 1323 quo
396 1238 451 1326 <si>
474 1241 564 1305 alteri
587 1242 800 1324 consepulti
822 1243 859 1306 in
883 1246 1038 1306 mortem
1062 1242 1099 1306 in
1121 1240 1352 1324 baptismum

210 1364 346 1426 sumus,
370 1345 461 1409 alteri
483 1349 520 1408 ut
543 1346 784 1410 commoriamur
808 1351 839 1410 et
854 1346 1103 1431 consepeliamur
1126 1351 1283 1430 optamus,
1308 1347 1352 1410 sic

209 1450 242 1514 in
266 1451 348 1513 diem
372 1449 507 1533 paschae
530 1451 636 1513 uenire
660 1449 821 1531 debemus,
853 1455 897 1532 ut,
926 1452 999 1533 quia
1025 1449 1028 1536 l
1053 1451 1244 1516 contumelia
1266 1451 1352 1515 illius
1367 1474 1392 1513 ro

208 1556 307 1620 honor
323 1558 429 1619 noster
446 1558 503 1635 est,
528 1555 743 1638 quadragenta
759 1556 879 1619 dierum
896 1557 1029 1619 erimum
1046 1557 1164 1620 domini
1184 1557 1217 1620 in
1234 1575 1352 1620 euuan-

208 1660 289 1744 gelio
306 1659 476 1723 ieiunantis
491 1659 608 1722 imitati
623 1659 861 1724 ambulantes
881 1662 916 1724 in
933 1679 1043 1724 carne
1059 1679 1130 1725 non
1147 1662 1352 1725 secundum

208 1783 357 1836 carnem
380 1764 561 1844 uiuamus,
586 1767 631 1844 ut,
657 1765 682 1827 si
702 1765 778 1828 uicti
801 1765 841 1828 ad
863 1766 1020 1829 modicum
1044 1770 1294 1846 sumus,¹tamen
1317 1765 1351 1829 in

208 1869 501 1953 conpaginationem
525 1869 662 1951 corporis
687 1868 804 1933 Christi
827 1870 934 1934 diuina
949 1874 1186 1953 praeceptorum
1209 1871 1279 1947 luce
1302 1890 1351 1933 re-

206 1992 366 2057 paremur,
397 1973 544 2055 quoniam
575 1976 765 2055 tamquam
796 1975 1093 2039 misericordiam
1124 1980 1389 2039 consecutusrs

207 2097 265 2164 ego
298 2079 486 2159 consiliator,
518 2096 574 2161 ego
606 2079 696 2142 testis
729 2098 799 2142 sum
831 2080 912 2161 quod
943 2080 1034 2143 liberi
1065 2098 1083 2143 a
1112 2080 1249 2163 peccatis
1281 2099 1350 2143 esse

207 2203 269 2248 non
297 2202 475 2266 possumus,
507 2183 568 2247 nisi
590 2183 775 2246 remissione
805 2182 1005 2266 baptismatis
1031 2188 1061 2248 et
1091 2185 1216 2248 diuinae
1247 2185 1349 2249 crucis

145 2291 184 2346 80
208 2288 422 2371 redemptione
458 2288 623 2351 saluemur.
670 2288 723 2351 Hii
759 2292 833 2352 sunt
863 2289 948 2352 enim
978 2286 987 2374 ll
1018 2289 1082 2352 dies
1114 2307 1190 2370 quos
1221 2289 1348 2372 Moyses

207 2392 468 2476 quadragensimo
498 2410 661 2455 nummero
692 2393 836 2456 ieiunans
867 2392 905 2457 ad
934 2393 1144 2476 accipiendam
1174 2395 1278 2476 legem
1302 2395 1349 2457 di·

205 2498 272 2561 uini
296 2497 448 2561 sermonis
472 2497 587 2561 meruit
610 2497 777 2579 eloquium,
811 2516 882 2560 eum
907 2498 1126 2562 adnuntiatum
1153 2497 1272 2581 pascha
1295 2498 1348 2563 do·
1363 2521 1389 2560 ao

206 2602 283 2666 mini
313 2620 399 2665 mare
426 2602 533 2665 timuit
556 2606 586 2665 et
608 2601 862 2684 potentissimum
886 2603 918 2666 in
942 2603 1031 2666 terris
1056 2603 1267 2666 aelementum
1298 2602 1349 2666 eui

205 2707 274 2788 ipsa
296 2724 351 2789 pro
375 2709 563 2788 tempestate
587 2710 699 2770 natura
720 2710 767 2770 est
790 2707 899 2770 diuisis
923 2707 1012 2789 aquis
1032 2708 1217 2789 puluereum
1233 2708 1348 2790 populo

309 2874 325 2925 8
344 2870 420 2924 Rom.
434 2872 457 2933 6,
470 2873 495 2925 l.
573 2871 605 2925 12
624 2869 659 2923 11.
674 2869 733 2924 Cor.
748 2874 788 2934 10,
802 2873 825 2925 3.
903 2873 935 2924 15
954 2871 975 2924 1.
990 2869 1048 2924 Cor.
1062 2874 1086 2934 7,
1100 2873 1145 2934 25;
1164 2871 1185 2924 Ι,
1198 2871 1271 2924 Petr.
1284 2875 1309 2936 5,
1324 2876 1346 2927 l.

310 3022 322 3074 l
347 3020 485 3087 Hilarius,
509 3019 541 3073 de
564 3020 626 3073 tria.
645 3019 687 3088 11,
699 3023 747 3074 24:
770 3019 811 3071 dei
835 3019 919 3087 igitur
941 3020 1029 3087 imago
1052 3019 1194 3072 inuisibilis
1216 3019 1347 3089 pudorem

203 3106 314 3159 humaui
333 3105 431 3158 exordii
450 3121 503 3159 non
522 3105 656 3159 recusauit
673 3109 700 3158 et
717 3123 764 3174 per
783 3107 980 3175 conceptionem
998 3109 1106 3176 partum
1125 3106 1247 3174 uagitum
1266 3123 1348 3160 cunas

204 3210 295 3247 omnes
314 3197 424 3247 naturae
442 3195 547 3246 nostrae
566 3193 740 3255 contumelias
758 3192 918 3248 transcurrit
937 3192 980 3262 (cf.
994 3195 1049 3262 IX,
1063 3197 1094 3247 51
1113 3193 1159 3256 al.;
1177 3193 1280 3258 inf.77‚
1295 3195 1346 3264 15).

205 3281 530 3336 (imment—moreretur
541 3304 571 3323 =
583 3281 653 3348 Hal,
666 3283 729 3336 tria.
741 3282 765 3349 1,
776 3285 817 3335 13.
860 3283 891 3335 10
902 3283 971 3333 cont.
983 3311 1016 3318 —
1026 3284 1094 3334 nost.
1106 3283 1147 3333 est
1158 3304 1188 3324 =
1200 3281 1346 3350 ta.,11,25.

246 3437 587 3505 MRANSCURRERH]
605 3437 677 3490 nolui
697 3440 801 3490 mutare
819 3437 847 3489 in
866 3436 973 3490 indicat.
994 3436 1111 3490 modum.
1218 3441 1233 3492 5
1254 3447 1345 3498 ευεκ

203 3551 340 3672 ἑῖὲῙΙΝ,
360 3594 426 3660 t(in
446 3596 512 3661 εῖε)
525 3593 571 3647 lin.
592 3593 655 3657 del.;
675 3610 754 3661 quam
774 3593 851 3647 facile
871 3603 907 3654 ετ
925 3593 1082 3646 intercidere
1100 3594 1218 3662 potuerit
1235 3600 1347 3664 apparet

202 3704 218 3755 6
238 3682 473 3778 remanemus,
494 3709 519 3758 Α
537 3699 574 3765 (in
595 3699 674 3765 ΚΑΕ)
690 3699 737 3752 lin.
757 3699 807 3752 del.
887 3680 1175 3766 ΙΝΙΝΦΟΚῙΑῚΙΞ]
1193 3698 1224 3751 de
1244 3699 1347 3767 syllaba

204 3817 248 3865 ιΝ
270 3803 416 3857 multorum
439 3803 513 3856 fonte
536 3803 664 3856 uitiorum
687 3803 740 3857 uid.
764 3802 846 3873 praef.
871 3819 926 3872 cap.
950 3803 979 3856 Il
1067 3807 1082 3858 7
1103 3801 1348 3869 montemtuffl

201 3910 275 3964 nolui
298 3912 402 3963 mutare
424 3909 452 3962 in
478 3908 906 3984 mouremrrum,cf.oa1o
977 3911 992 3964 a
1017 3899 1222 3990 quosalrem
1299 3919 1343 3967 oo

203 4014 311 4098 hapa]
333 4013 519 4081 corrigendum
543 4029 598 4065 esse
622 4016 686 4081 puto
709 4023 778 4096 peta
803 4023 901 4092 bapt.
1005 4016 1034 4068 ll
1061 4022 1234 4090 enititum,
1263 4011 1347 4066 fuisse

201 4172 308 4226 uidetur
336 4180 513 4231 carrorum
631 4173 662 4225 ra
692 4149 929 4230 reromardrss
1045 4172 1075 4225 21
1098 4128 1345 4231 {le'meroaum

201 4280 234 4333 22
252 4257 401 4360 popolo,
422 4286 441 4334 o
459 4276 496 4341 (in
512 4276 568 4359 po)
586 4291 615 4328 ex
636 4285 657 4334 υ
678 4290 744 4328 corr.
