2896 4808
140 353 201 417 102
485 368 696 423 Priscilliani
719 369 884 422 tractatus
907 367 939 421 X.

138 529 293 593 redditum
309 546 441 611 eorpus
458 546 529 593 non
548 527 791 592 fornioationi
814 528 877 591 sed
900 527 1061 606 domino,
1084 545 1139 610 per
1154 526 1289 590 immor-

138 634 213 698 talia
232 637 468 717 praeceptorum
490 630 589 696 uerba
611 632 756 713 diuisum,
780 632 910 714 dignum
933 628 1142 694 tabernaculis
1166 629 1289 695 Christi

139 741 170 802 et
185 738 290 822 gloriis
306 737 429 801 daturae
445 737 678 801 resurreetionis
694 736 856 801 habeatur.
896 733 1005 817 sieque
1022 735 1142 799 deuicto
1166 734 1288 799 mundo

138 843 226 907 uelut
256 840 422 924 subiugato
451 840 595 925 Aegypto
625 842 657 904 in
688 840 796 905 Eiram
831 844 862 905 et
891 839 1039 904 Manasse
1068 838 1288 904 laborantibus

139 947 229 1011 datur
256 947 375 1010 fruetus
398 964 456 1010 neo
479 946 557 1010 alius
581 946 641 1009 nisi
671 964 712 1008 ex
739 945 831 1008 luda
860 944 930 1008 dux
959 944 1128 1026 quaeritur,
1159 943 1316 1026 quandoe

140 1049 255 1116 Christi
277 1051 422 1133 passione
438 1050 567 1115 saluatis
590 1049 667 1113 nihil
690 1048 774 1112 aliud
796 1050 828 1112 iu
845 1049 1003 1128 ducatum,
1026 1048 1087 1112 nisi
1108 1048 1193 1130 quod
1210 1048 1288 1113 deus

57 1157 173 1219 141111
203 1173 330 1221 earnem
360 1154 468 1219 uenire
498 1155 606 1234 uoluit,
636 1150 802 1238 iulbienitur
832 1171 890 1217 neo
919 1152 980 1216 alia
1009 1153 1288 1235 perseuerantibus

141 1279 212 1344 spes
236 1262 294 1340 est,
325 1259 385 1323 nisi
406 1262 442 1323 ut
464 1259 764 1323 eiroumuersura
787 1257 895 1321 mundi
921 1257 1002 1321 idest
1024 1256 1170 1340 perfidiae
1202 1260 1289 1322 terra

140 1364 294 1445 uiuoatur,
316 1367 353 1428 ut
367 1364 613 1429 ealeiamento
631 1362 764 1446 pedum
788 1361 904 1426 domini
919 1362 977 1426 hoe
997 1364 1046 1426 est
1061 1362 1288 1446 euuangelio

141 1469 243 1552 pacis
266 1471 391 1533 ostenso
414 1467 584 1532 distruatur
599 1467 722 1551 Dagon,
745 1485 823 1551 opus
840 1466 966 1546 saeculi,
983 1469 1014 1530 et
1030 1466 1173 1531 absoluta
1187 1469 1288 1531 testa·
1303 1490 1327 1530 ιο

141 1573 335 1653 menturae,
359 1572 442 1654 quod
463 1590 520 1637 nos
544 1590 663 1652 sumus,
685 1570 885 1636 Allofilorum
908 1570 1010 1634 aliena
1026 1570 1226 1634 suadentium
1240 1572 1289 1636 lo·

141 1678 245 1759 quella
260 1680 434 1761 superetur,
456 1674 528 1761 (ut),
551 1676 605 1757 qui
621 1693 657 1740 ea
676 1694 757 1758 quae
779 1676 812 1739 in
834 1675 1012 1759 regionibus
1028 1675 1138 1758 posita,
1161 1675 1195 1739 in
1209 1675 1289 1740 loeis

141 1783 233 1863 diota,
256 1782 290 1846 in
304 1781 429 1865 regibus
450 1784 524 1845 suut
538 1781 716 1864 praedicata
731 1780 922 1864 eognouerit,
945 1779 1091 1844 uitiorum
1113 1780 1146 1842 in
1165 1798 1199 1842 se
1218 1779 1291 1844 looa

140 1905 238 1971 regna
259 1887 401 1970 regiones
425 1886 619 1970 disciplinato
642 1902 734 1969 opere
754 1881 940 1970 domuimus,
961 1884 1020 1949 etsi
1038 1884 1228 1967 prolatatum
1249 1885 1290 1949 de

141 1993 198 2056 deo
221 1990 395 2075 intellegat,
419 1991 477 2055 sibi
496 1993 604 2055 tamen
618 1990 707 2055 uelut
721 1990 878 2073 quoddam
892 1990 976 2054 uitae
991 1989 1215 2071 exemplarium
1231 2007 1291 2071 po·
1305 2011 1329 2050 15

142 2098 237 2161 situm
252 2098 462 2180 recognoscat,
486 2095 633 2177 quoniam
649 2094 687 2159 ab
711 2095 797 2160 initio
820 2113 919 2177 usque
943 2093 1099 2158 adfinem
1122 2092 1290 2159 uenientes

141 2201 173 2263 in
196 2201 279 2264 huno
301 2198 455 2263 mundum
477 2199 557 2263 sieut
578 2199 673 2264 unitis
697 2199 835 2264 malitiae
861 2199 920 2263 uiis
947 2199 1096 2278 fallimur,
1125 2197 1170 2261 ita
1199 2198 1291 2262 unita

142 2304 202 2369 fide
226 2307 258 2368 et
279 2304 468 2369 eorreetione
492 2304 660 2368 saluamur.

247 2513 260 2566 1
280 2508 412 2574 Idolo,
427 2512 467 2566 13.
539 2513 554 2566 5
573 2510 606 2564 of.
621 2509 686 2565 Gen.
699 2511 741 2574 49,
757 2513 802 2572 10;
824 2509 920 2564 naeth.
934 2512 958 2573 2,
973 2512 989 2564 6
1007 2509 1046 2578 (et
1063 2525 1144 2578 supra
1163 2512 1222 2574 101,
1236 2511 1290 2579 16).

142 2602 159 2655 8
177 2598 322 2662 efreto,
337 2600 368 2654 11
388 2597 510 2668 (περιοχή,
528 2596 610 2652 Itala:
629 2597 849 2666 circumstantia).
904 2599 920 2652 9
939 2596 972 2652 of.
985 2596 1052 2665 Eph.
1067 2599 1090 2661 6,
1105 2599 1145 2653 15.

188 2829 201 2881 1
223 2804 527 2906 roemrcauore'ss',
547 2833 567 2883 s
585 2822 631 2877 lin.
652 2822 702 2878 dol.
787 2827 802 2879 5
822 2766 971 2905 quffito
1061 2826 1075 2878 7
1102 2815 1294 2913 uolumusJ

144 2933 176 2986 12
201 2940 242 2989 ut
267 2929 342 2982 deese
443 2931 474 2983 17
499 2937 639 2987 umatus
737 2931 770 2984 la
792 2909 1211 2988 abluamur-'macomus
1240 2919 1290 2990 ab

142 3013 594 3119 populum'epromecipu
613 3014 823 3095 eeredtrcuo
843 3013 1108 3117 superfundes*
