2896 4808
599 359 901 414 Commonitorium.
1256 345 1317 410 157

176 522 338 592 tenuasse;
371 519 418 580 ita
447 536 547 598 neque
577 519 755 599 depositum
785 536 919 598 usquam
950 518 1180 599 fuissecorpus
1203 519 1317 580 necin

176 639 304 704 corpore
327 621 391 684 ullo
413 625 600 704 regnantem
623 621 838 684 circumscribi
853 622 956 684 deum.
988 620 1171 685 Oreaturam
1194 640 1317 702 quoque

177 724 386 788 subiectam
409 726 641 806 corruptioni
663 743 734 787 non
757 726 946 788 uolentem
976 725 1220 808 intellegendam
1248 744 1317 788 esse

176 828 322 892 dicebant
344 829 443 892 solem
466 832 497 892 et
519 830 628 892 lunam
651 832 683 892 et
705 829 828 903 stellas3
852 829 983 892 ethaeo
1009 847 1072 892 non
1099 829 1316 892 elementarios

148 952 246 999 resse
267 934 415 1016 fulgores,
446 934 501 996 sed
531 933 699 996 rationales
730 937 913 1015 potestates,
942 933 1091 1015 praebere
1114 936 1222 996 autem
1244 951 1317 995 ser-

175 1037 309 1100 uitium
338 1037 571 1118 corruptioni
601 1040 753 1118 propter
785 1055 866 1099 eum
893 1037 957 1117 qui
980 1036 1144 1100 subiecit
1174 1037 1210 1099 in
1242 1054 1314 1118 spe.

218 1140 248 1203 4.
272 1141 359 1205 Haeo
382 1142 463 1204 sicut
484 1141 619 1204 retinere
641 1141 739 1221 potui,
762 1140 900 1204 breuiter
923 1141 1099 1223 expositum
1114 1144 1172 1220 est,
1195 1142 1231 1202 ut
1246 1159 1316 1221 per·

175 1246 291 1326 spectis
307 1243 453 1308 omnibus
470 1243 588 1308 morbis
604 1245 792 1308 medicinam
809 1243 957 1308 adhibere
972 1245 1111 1307 festines
1142 1244 1208 1307 Est
1223 1245 1316 1307 ueri-

174 1352 232 1412 tas
263 1348 405 1413 Christi
435 1349 472 1411 in
502 1367 572 1428 me,
606 1348 681 1428 quia
709 1351 835 1430 propter
865 1348 1077 1411 uenerabilem
1106 1347 1316 1411 reuerentiam

133 1478 161 1517 ro
174 1452 351 1516 sanctitatis
381 1455 454 1516 tuae
477 1471 545 1515 esse
568 1452 722 1533 inpudens
746 1469 808 1514 non
831 1451 988 1531 auderem,
1019 1451 1080 1514 nisi
1110 1451 1246 1514 euidenti
1268 1451 1316 1513 iu-

174 1554 254 1619 dicio
277 1558 309 1618 et
331 1555 525 1619 ordinatione
548 1555 597 1618 dei
620 1556 659 1617 ad
681 1555 766 1618 illius
789 1555 870 1618 tanti
893 1559 925 1618 et
939 1555 1012 1618 talis
1027 1555 1145 1636 populi,
1168 1555 1218 1618 oui
1234 1554 1316 1617 sicut

172 1660 316 1742 peccanti
335 1653 431 1742 ¹plaga
454 1659 591 1741 inposita
615 1661 672 1738 est,
696 1659 741 1722 sic
763 1662 835 1742 post
857 1660 986 1741 plagam
1008 1676 1083 1722 cura
1102 1656 1243 1738 debetur,
1266 1677 1315 1721 re-

173 1764 278 1826 media
299 1764 486 1845 proferenda
506 1766 537 1825 te
564 1764 710 1842 electum,
740 1781 791 1826 me
822 1764 953 1826 missum
985 1782 1053 1826 esse
1083 1780 1313 1844 cognoscerem.

173 1868 296 1931 Memor
318 1869 391 1948 mei,
413 1867 596 1931 beatissime
618 1871 717 1949 pater,
741 1867 984 1947 multorumque,
1008 1867 1060 1947 qui
1082 1884 1206 1929 mecum
1228 1865 1316 1928 uelut

133 1997 159 2036 15
172 1990 223 2035 ros
254 1971 410 2052 eloquium
440 1975 532 2035 tuum
555 1975 591 2034 nt
620 1989 713 2053 super
743 1988 795 2033 eos
826 1970 994 2034 descendat
1024 1971 1214 2052 exspectant,
1245 1987 1314 2032 esse

172 2075 310 2159 ugnus.

276 2237 379 2292 annm.
389 2239 414 2301 8,
423 2238 470 2300 20;
482 2235 517 2291 ef.
526 2235 610 2290 Prisc.
621 2251 677 2290 een.
688 2235 743 2291 XO.
791 2237 807 2291 5
819 2234 884 2291 ibid.
895 2252 920 2290 u.
931 2237 974 2290 21.
983 2237 1025 2291 20.
1073 2237 1091 2291 8
1102 2235 1139 2290 Π.
1150 2233 1209 2290 Oor.
1220 2237 1261 2300 11,
1273 2237 1313 2290 lo.

174 2325 206 2379 12
224 2323 294 2392 plag.
307 2323 375 2392 inp]
395 2322 429 2378 cf.
441 2322 523 2377 llxod.
536 2327 561 2388 9,
575 2324 620 2386 14;
638 2322 675 2377 Π.
688 2322 754 2390 Reg.
768 2325 809 2388 17,
822 2326 851 2386 93
869 2322 932 2377 Luc.
947 2325 987 2387 10,
1000 2325 1046 2386 30;
1064 2321 1125 2377 Act.
1139 2325 1180 2388 16,
1192 2325 1226 2378 23
1245 2321 1278 2375 al.

275 2449 293 2502 4
310 2447 365 2501 uid.
378 2463 459 2516 supra
476 2463 501 2516 p.
516 2448 557 2512 14,
572 2449 616 2510 15;
634 2447 677 2511 22,
688 2448 724 2501 20
742 2445 789 2508 al.;
806 2446 921 2516 Aupust.
935 2451 1030 2502 eontra
1042 2447 1130 2500 Prisc.
1143 2463 1164 2500 c,
1178 2450 1211 2498 11
1229 2450 1255 2499 et
1272 2449 1313 2498 14.

216 2587 230 2640 1
253 2601 368 2653 usquam
385 2586 422 2654 A,
445 2601 573 2653 umquam
596 2583 660 2653 Bb,
683 2583 826 2640 ‘Uaticani
848 2602 909 2640 nese.
929 2601 989 2639 eum
1013 2584 1052 2638 ed.
1072 2583 1133 2639 Am.
1157 2589 1183 2638 et
1204 2583 1313 2637 Erasm.

170 2687 284 2739 usquam
307 2671 397 2726 fuisse'
421 2671 436 2727 b
506 2673 523 2726 2
550 2669 606 2724 ullo
632 2685 742 2740 corpore
770 2672 798 2725 B
867 2673 884 2725 3
907 2669 1127 2738 intellegendam]
1150 2667 1267 2724 ‘Amerb
1290 2674 1315 2722 et

171 2759 281 2814 Erasm.
295 2758 334 2812 ed.
347 2757 511 2811 intellectam
524 2755 621 2811 esse'b
674 2758 697 2812 4
710 2756 881 2810 elementario
894 2773 949 2809 esse
961 2756 1114 2824 fulgorisA
1166 2756 1314 2824 bspemA

172 2845 271 2899 thaso
288 2845 324 2912 A,
346 2845 398 2915 hec
415 2846 451 2912 B,
474 2844 525 2896 hoc
542 2842 570 2898 b
642 2846 675 2899 10
699 2842 794 2896 iuditio
812 2844 840 2898 A
912 2845 944 2898 12
967 2843 1100 2913 peccanti]
1124 2844 1263 2911 peecatum
1287 2843 1315 2896 Β

172 2929 284 2984 debetur
306 2930 340 2984 ad
362 2947 427 2984 rem.
450 2932 478 2985 B
550 2931 583 2985 14
605 2929 820 2997 multorumquae
842 2931 878 2998 A,
905 2929 1104 2998 multorumque
1127 2944 1240 2983 mecum.
1269 2928 1315 2996 qui

171 3058 292 3143 nornen
363 3061 396 3114 rs
414 3058 532 3127 regnare.
555 3058 694 3116 uxenrc
713 3019 883 3115 coriorum
902 3058 1026 3114 ososn
1048 3058 1098 3114 nn
1121 3040 1188 3112 ssia
1206 3057 1314 3112 nuov-

171 3144 280 3198 sunm
302 3147 330 3201 A
400 3145 519 3214 dignare.
541 3145 682 3202 merem
706 3144 908 3200 snseonsro
933 3144 1083 3200 nusum
1107 3143 1314 3199 nvcvsrmr

171 3234 318 3299 eosR
