2896 4808
141 344 183 407 36
605 360 815 414 Priscilliaui

141 537 246 583 amore
273 520 471 600 damnentur,
499 537 557 583 neo
583 518 748 602 prohibere
778 520 804 583 si
831 519 901 600 quis
929 519 1118 602 contemptis
1146 519 1288 601 parenti-

140 623 199 688 bus
223 624 331 688 liberis
347 624 551 689 facultatibus
575 624 729 707 dignitate
754 628 785 688 et
801 623 902 688 adhuc
926 628 957 688 et
975 623 1081 687 anima
1097 642 1153 687 sua
1169 624 1264 687 deum
1284 624 1287 706 1

140 729 299 794 malluerit
333 747 437 793 amare
471 748 566 812 quam
605 729 782 809 saeculum,
817 747 874 792 nec
909 747 998 812 spem
1031 729 1140 793 ueniae
1175 728 1287 792 tollere

139 834 200 915 his,
228 834 291 916 qui,
323 834 350 897 si
377 853 519 915 eaquae
546 833 649 917 prima
676 837 749 898 sunt
771 851 834 897 non
857 837 1006 915 quaeunt,
1034 833 1085 896 uel
1112 833 1145 897 in
1172 833 1286 896 mediis

139 939 304 1020 tertiisque
332 939 526 1019 consistunt,
558 939 706 1020 quoniam
736 939 868 1002 multis
899 936 1159 1002 mansionibus
1189 939 1313 1021 apuds

139 1044 246 1107 deum
268 1047 413 1127 patrem
436 1044 590 1128 positis,
618 1044 645 1107 si
667 1043 745 1107 fides
770 1043 904 1126 symboli
926 1044 1106 1125 incorrupta
1129 1046 1285 1123 teneatur,

140 1149 240 1212 teneri
255 1148 368 1213 debere
391 1149 585 1233 propositam
600 1148 691 1212 nobis
714 1149 747 1212 in
763 1148 887 1212 Christo
912 1167 1010 1231 spem,
1034 1147 1159 1212 etiamsi
1183 1147 1286 1211 adin-

138 1253 268 1336 plendi
290 1254 452 1336 perfecti
474 1253 601 1337 operis
618 1271 689 1317 non
705 1252 869 1317 habeant
892 1253 1127 1333 facultatem,
1151 1271 1286 1334 sequen-

139 1360 186 1422 tes
204 1359 381 1442 apostolum
396 1359 543 1439 Paulum,
566 1359 620 1440 qui
637 1358 725 1422 aliis
746 1358 947 1422 seeundum
969 1358 1167 1441 imperium
1182 1376 1286 1441 prae·

139 1462 278 1545 cipere,
306 1463 401 1527 alios
430 1464 632 1527 secundum
660 1463 809 1526 ueniam
837 1462 1049 1542 admonere,
1078 1463 1172 1526 alios
1203 1463 1325 1526 sinen

139 1567 368 1632 auctoritate
400 1568 592 1650 praecepti
623 1568 783 1632 consilio
813 1568 1016 1632 informare
1051 1586 1085 1631 se
1119 1567 1208 1647 dixit,
1244 1571 1286 1632 nt

139 1689 265 1735 omnes
293 1672 537 1736 lucrifaceret
564 1673 619 1754 qui
647 1673 685 1736 ad
706 1671 824 1736 Christi
847 1672 942 1736 fidem
961 1672 1085 1735 diuersa
1108 1672 1285 1736 misericor·

73 1784 114 1839 44
139 1776 207 1839 diae
230 1777 394 1841 uocatione
414 1774 423 1863 11
439 1778 611 1842 uenissent.
643 1777 754 1841 Fidem
777 1795 851 1840 uero
875 1776 957 1841 sicut
980 1777 1168 1859 accepimus,
1192 1776 1285 1840 itaet

137 1884 281 1946 tenemus
298 1886 329 1946 et
345 1882 508 1963 tradimus,
526 1883 686 1946 credentes
702 1902 804 1943 ouum
828 1880 922 1944 deuna
939 1889 1068 1966 patrem
1091 1881 1283 1966 omnipoten-

138 1994 208 2063 tem,
232 1986 314 2051 siout
337 1986 491 2051 scribtum
514 1990 577 2050 est:
606 2006 646 2050 ex
669 2005 738 2068 quo
762 1987 886 2051 omnia
912 1990 947 2050 et
970 2005 1035 2050 nos
1063 2005 1126 2069 per
1149 1985 1282 2070 ipsum,
1298 2009 1323 2049 15

137 2099 167 2152 et
189 2112 292 2152 unum
315 2089 479 2153 dominum
502 2089 607 2153 Iesum
633 2088 812 2168 Christum,
840 2091 922 2155 siout
949 2091 1101 2154 scribtum
1129 2094 1192 2155 est:
1220 2110 1283 2174 per

137 2214 245 2277 quem
268 2197 392 2260 omnia
419 2200 455 2261 et
477 2215 542 2260 nos
565 2215 628 2279 per
650 2197 786 2279 ipsum,
814 2204 929 2258 reaturo
951 2215 990 2257 aa
1012 2193 1129 2257 Maria
1150 2195 1283 2280 uispioe

137 2321 176 2363 eac
197 2299 324 2385 spirito
346 2309 469 2377 sancto,
497 2301 580 2365 sicut
608 2300 761 2364 scribtum
785 2304 847 2364 est:
875 2319 959 2364 ecce
987 2301 1092 2383 uirgo
1121 2301 1284 2384 accipiet

135 2405 173 2468 in
196 2407 301 2469 utero
326 2408 361 2469 et
383 2406 505 2489 pariet
526 2406 652 2469 filiurn
676 2409 712 2469 et
734 2404 922 2469 necabitis
946 2423 1078 2469 nomen
1101 2405 1181 2468 eius
1203 2405 1283 2468 Em-

136 2511 287 2574 manuel
310 2511 405 2592 quod
428 2511 728 2594 interpraetatur
751 2510 946 2574 nobiscum
974 2510 1078 2590 deus,
1109 2514 1141 2574 et
1167 2511 1324 2574 iterumne

136 2614 173 2677 de
190 2633 240 2679 eo:
264 2615 422 2698 spiritus
447 2618 601 2679 sanctus
624 2615 754 2679 ueniet
776 2615 813 2679 in
837 2618 872 2679 te
895 2617 932 2678 et
953 2615 1076 2678 uirtus
1100 2615 1284 2680 altissimi

135 2718 376 2783 obumbrauit
403 2723 439 2784 te
462 2719 619 2801 ideoque
647 2723 683 2784 et
705 2720 800 2801 quod
823 2722 1000 2784 nascetur
1028 2723 1199 2784 sanctum
1223 2739 1283 2784 uo-

135 2823 284 2889 cabitur
312 2825 419 2890 filius
447 2825 520 2906 dei,
543 2845 681 2909 passum
706 2821 770 2886 sub·
788 2823 904 2887 Pontio
927 2822 1051 2901 Pilato,
1079 2823 1282 2907 crucifircuno,

135 2928 217 2993 sicut
240 2928 393 2994 scribtum
417 2933 478 2993 est:
500 2927 504 3014 Ι
525 2933 561 2994 et
588 2930 687 2993 inter
714 2929 863 3012 iniquos
892 2928 1147 3012 deputabitur,
1175 2928 1283 3015 sepul-

239 3067 307 3122 bcf.
321 3067 358 3122 Io.
380 3070 420 3132 14,
439 3069 463 3122 2.
525 3066 793 3132 7(1.11οω,7,18.
865 3066 1213 3132 antiocenses,
1235 3071 1282 3133 193

133 3153 155 3207 Ι.
176 3153 243 3208 Tim.
265 3157 288 3219 1,
309 3158 336 3218 l;
354 3155 437 3209 Priso.
457 3171 514 3209 can.
533 3155 601 3208 XLI.
704 3156 776 3210 151.
796 3155 855 3210 Cor.
874 3158 898 3224 8,
918 3158 947 3218 ὃς
965 3154 1000 3209 cf.
1018 3155 1102 3209 Prisc.
1122 3172 1178 3209 can.
1198 3155 1281 3210 XXV.

136 3244 169 3297 16
191 3241 213 3295 I.
232 3240 292 3296 Cor.
316 3245 340 3307 8,
360 3245 384 3298 6.
497 3245 529 3299 18
552 3242 596 3296 Es.
621 3245 644 3307 7,
666 3244 711 3305 14;
733 3241 829 3296 Matth.
856 3245 879 3306 1,
898 3245 940 3298 23.
1051 3246 1083 3298 21
1106 3242 1169 3297 Luc.
1195 3246 1218 3307 1,
1238 3246 1281 3300 35.

134 3330 169 3383 24
187 3328 230 3382 Es.
249 3331 291 3394 53,
312 3332 357 3392 12;
374 3330 438 3383 Luc.
458 3332 499 3393 22,
519 3331 560 3384 37.

237 3470 254 3522 4
275 3467 377 3538 Cicero,
397 3475 490 3524 orator
507 3473 532 3538 1,
546 3473 576 3522 4.·
600 3469 687 3538 prima
706 3469 777 3522 enim
796 3472 949 3536 sequentem
971 3468 1114 3522 honesturn
1133 3472 1174 3523 est
1193 3470 1223 3522 in
1240 3487 1282 3524 se-

133 3553 227 3608 cundis
246 3555 385 3624 tertiisque
404 3555 554 3610 consistere.

170 3714 182 3767 1
203 3700 408 3793 paobteeae]
426 3712 592 3766 infinitiuum
611 3712 684 3766 nolui
702 3716 807 3767 mutare
825 3712 854 3765 iu
866 3713 1079 3776 coniunctiuum;
1098 3712 1131 3767 cf.
1146 3729 1212 3782 quae
1225 3714 1280 3768 dixi

133 3816 161 3869 in
178 3814 259 3870 Arch.
282 3815 301 3870 f.
326 3816 371 3871 lat.
396 3818 485 3873 Lexik.
509 3820 560 3884 ΙΠ,
584 3822 635 3875 320
654 3837 692 3888 sq.
799 3822 815 3874 3
843 3812 1044 3888 mulloeou
1071 3819 1145 3873 nolui
1163 3819 1278 3874 scribere

133 3912 315 3981 mulceant
367 3925 384 3976 4
404 3924 591 4005 quaestor]
603 3923 676 3977 nolui
689 3925 792 3976 mutare
805 3924 834 3977 in
848 3935 1051 4007 quaereret
1097 3928 1129 3980 14
1150 3935 1277 3985 oreon)

131 4024 193 4094 etc]
216 4025 278 4078 uide
302 4042 368 4093 quae
392 4027 424 4080 de
446 4027 496 4082 hoc
518 4028 680 4082 Priscilliaui
705 4027 824 4097 symbolo
850 4029 904 4083 dixi
926 4030 955 4084 in
977 4029 1066 4084 libello
1092 4029 1125 4083 ad
1149 4047 1174 4099 p.
1190 4034 1230 4094 17,
1244 4033 1278 4086 29

132 4112 221 4176 citato,
239 4130 265 4182 p.
279 4116 313 4169 20
332 4116 385 4167 not.
493 4118 526 4170 22
554 4115 802 4184 coemendum]
821 4115 854 4170 cf.
873 4117 953 4171 Arch.
972 4116 991 4170 f.
1010 4117 1057 4171 lat.
1076 4117 1136 4171 Lex.
1155 4117 1206 4181 ΠΙ,
1226 4119 1278 4174 318

133 4199 338 4286 ΝΑΞΕΕῙΟΚΙ]
359 4221 420 4288 post
441 4219 491 4273 hoe
514 4219 627 4273 uerbum
650 4220 776 4274 excidisse
794 4238 898 4275 censeo:
923 4231 967 4283 εΧ
985 4230 1022 4282 τε
1096 4209 1237 4302 2351151,
1269 4233 1275 4280 Ι

130 4304 202 4357 linea
220 4307 247 4358 et
263 4309 362 4374 puncto
382 4305 432 4359 del.
