2896 4808
142 974 165 1025 C
191 997 220 1017 =
242 973 299 1026 md.
317 976 431 1025 nomast.
449 972 575 1027 Cauensis
596 975 636 1036 14,
653 990 719 1026 saec.
737 973 776 1026 lX
795 973 839 1040 (ad
859 990 983 1026 numeros
1002 974 1148 1028 canonibus
1167 975 1293 1030 adiectos

242 1058 352 1113 anobis
371 1059 504 1112 rarissime
523 1058 678 1127 adhibitus).

140 1170 162 1216 Γ
193 1187 222 1209 --
243 1162 341 1217 codicis
354 1163 481 1219 Cauensis
499 1164 683 1232 apographum
696 1164 856 1218 Uaticanum
875 1165 964 1233 (8484)
982 1165 1015 1218 ab
1034 1165 1093 1234 Igu.
1106 1166 1204 1220 Rossio
1223 1184 1291 1221 con-

243 1251 351 1314 fectum,
370 1267 437 1304 saec.
450 1251 513 1304 XlX
532 1251 577 1318 (ad
595 1266 720 1305 numeros
739 1251 885 1306 canonibus
904 1252 1021 1306 adiectos
1039 1251 1148 1321 adhib).

138 1375 157 1425 y
194 1380 224 1401 =
244 1355 392 1410 sectionum
411 1356 514 1409 numeri
533 1357 561 1408 in
577 1361 599 1408 Γ
614 1356 648 1409 ad
666 1360 792 1410 textum
811 1357 932 1410 omnium
943 1357 1022 1410 Pauli
1040 1358 1220 1426 epistularum
1241 1361 1290 1414 ad-

244 1441 343 1512 scripti.

139 1567 153 1604 o
194 1572 224 1593 =
245 1547 327 1602 editio
340 1562 472 1601 canonum
486 1546 519 1599 ad
535 1547 638 1600 Ffaota
651 1545 684 1600 ab
697 1547 765 1616 Aug.
780 1547 850 1600 Maio
863 1549 909 1616 qui
922 1549 1012 1602 omisit
1024 1565 1116 1603 omnes
1134 1551 1290 1606 sectionum

242 1649 365 1688 numeros
384 1634 426 1701 (=
447 1631 519 1703 ‘spic
533 1633 629 1698 Rom',
648 1637 712 1687 tom.
726 1633 773 1698 IX,
787 1637 848 1702 post
866 1651 890 1703 p.
905 1636 974 1703 744).

138 1739 154 1794 b
194 1762 223 1783 =
245 1737 326 1793 editio
344 1739 446 1808 prologi
466 1738 499 1791 ad
521 1729 632 1793 Osacta
650 1755 667 1791 a
683 1738 762 1792 Beru.
777 1738 887 1794 Caetani
906 1738 1057 1808 d'Aragona
1075 1740 1118 1807 (=
1138 1739 1206 1795 ‘cod
1221 1742 1289 1812 dipl.

243 1825 386 1890 canensis,
406 1829 470 1879 torn.
483 1826 505 1890 1,
519 1824 631 1894 append.
647 1843 671 1894 p.
688 1829 720 1881 19
739 1825 814 1894 sqq.).

138 1932 165 1987 L
194 1955 224 1977 =
244 1931 301 1985 cod.
321 1931 412 1985 eccles.
432 1930 549 1984 cathedr.
568 1929 742 1999 Legionensis
762 1935 785 1993 b,
805 1946 870 1984 saec.
890 1931 922 1983 X.

139 2041 169 2088 A
193 2059 223 2081 =
244 2035 300 2090 cod.
321 2035 426 2105 collegii
446 2036 470 2089 S.
483 2035 581 2088 Isidori
600 2035 780 2104 Legionensis‚
800 2052 866 2089 saec.
886 2035 918 2088 X.
1182 2106 1186 2110 μ

141 2142 165 2197 T
193 2164 223 2186 =
244 2139 301 2194 cod.
321 2112 473 2205 To'letamis,
492 2156 563 2195 nuno
581 2141 747 2197 Matritensis
765 2139 829 2196 bibl.
850 2144 902 2195 nat
923 2143 947 2205 2,
968 2143 990 2205 1,
1010 2157 1076 2195 saec.
1096 2140 1127 2194 X.
1169 2166 1174 2187 ε

139 2247 176 2301 M
194 2269 224 2290 =
245 2245 301 2298 cod.
316 2243 456 2298 Theodulfi
469 2244 639 2309 Mosmianus‚
660 2262 731 2299 nunc
743 2245 880 2299 Parisinus
897 2244 971 2313 (bibl.
986 2246 1052 2314 nat.)
1065 2248 1141 2310 9380,
1154 2264 1222 2302 saec.
1240 2249 1289 2304 IX.

143 2352 168 2405 V
194 2374 224 2395 =
245 2349 301 2404 cod.
321 2349 467 2404 Uaticanus
486 2352 562 2413 5729,
581 2349 645 2403 olim
664 2349 808 2414 Farfensis,
828 2365 893 2403 saec.
912 2350 944 2403 X.

139 2474 162 2523 φ
194 2478 224 2499 =
245 2455 393 2509 sectionum
405 2454 549 2534 numeri'in·
561 2455 587 2510 V
598 2453 631 2508 ad
643 2457 767 2508 textum
781 2453 959 2524 complurium
969 2454 1047 2508 Pauli
1060 2455 1136 2523 epist.
1147 2454 1289 2526 adscripti.

138 2562 165 2616 Ρ
185 2583 222 2605 1=
243 2559 299 2614 cod.
320 2559 431 2629 capituli
449 2544 622 2613 Pistoriensis
644 2562 690 2615 151
711 2558 754 2626 (G.
768 2537 812 2627 82)
832 2575 898 2613 saec.
918 2558 950 2612 X.

135 2684 156 2735 p
194 2689 224 2710 =
245 2665 326 2719 editio
343 2664 414 2718 alb.
427 2664 458 2718 Α.
475 2664 602 2718 Zacharia
615 2663 648 2717 ad
662 2665 689 2718 P
700 2663 772 2718 facta
784 2663 826 2730 (=
842 2662 913 2718 ‘bibl
928 2662 1109 2718 Pistoriensis'
1122 2680 1147 2732 p.
1161 2667 1195 2720 67
1209 2666 1289 2734 squ).

139 2776 171 2822 ΙΙ
194 2793 224 2814 =
245 2771 302 2824 cod.
321 2770 394 2823 uuiu.
413 2769 559 2838 Lipsiensis
577 2768 652 2836 (bibl.
671 2769 811 2836 Paulinae)
835 2772 866 2824 13
886 2769 930 2822 fol.
950 2785 1027 2834 maa,
1046 2785 1112 2823 saec.
1130 2768 1288 2838 XIHsXlV.

141 2977 362 3033 crassioribus
380 2978 451 3047 typis
471 2994 514 3030 eos
533 2977 623 3031 ostiari
642 2994 766 3031 numeros
784 2978 829 3046 qui
849 2994 909 3031 cum
928 2996 947 3046 y
965 2978 1115 3032 concinunt.

141 3085 150 3149 ί
180 3085 189 3152 )
247 3082 344 3137 inclusi
362 3099 405 3136 oos
424 3099 556 3146 numeros,
576 3083 621 3150 qui
640 3077 694 3136 non
712 3081 839 3151 leguntur
858 3084 886 3136 in
907 3083 1134 3151 FLATMVPII,
1153 3083 1250 3137 sedin
1271 3105 1289 3153 y

245 3170 298 3238 (uol
317 3170 368 3240 γφ)
387 3173 537 3224 occurrunt.

141 3281 149 3337 <
178 3283 187 3340 >
244 3275 339 3330 inclusi
350 3290 393 3329 eos
403 3292 536 3340 numeros,
547 3292 612 3344 quos
623 3242 670 3344 ego
681 3273 780 3338 addidi,
795 3276 917 3343 quamuis
928 3275 1050 3343 usquein
1062 3276 1290 3331 FLATMVPII

245 3362 376 3431 usquein
395 3382 436 3433 γφ
455 3362 585 3432 legantur.

140 3468 286 3521 sootiouum
305 3468 409 3521 numeri
428 3468 461 3521 ad
480 3467 611 3536 Uulgatao
631 3467 747 3536 capitula
765 3470 792 3520 ot
810 3484 902 3520 uersus
922 3466 1118 3521 reuocabuntur
1140 3467 1169 3519 in
1187 3467 1285 3521 iudici-

244 3552 294 3608 bus
312 3554 417 3608 uostris.
