2896 4808
134 339 177 404 64
599 358 810 413 Priscilliani

134 515 221 596 quid
237 515 402 579 lucidius
419 517 523 580 sole?
547 521 583 581 et
598 517 659 581 hie
682 518 853 598 deficiet,
871 522 902 582 et
918 517 1008 581 alibi:
1033 519 1093 599 qui
1119 518 1282 582 aduocat

134 637 267 700 aquam
283 619 396 683 maris
413 624 449 684 et
465 622 611 705 spargit
628 640 707 684 earn
724 641 837 705 super
852 623 987 686 faeiem
1004 622 1122 685 totius
1138 626 1280 694 terram

133 723 304 787 dominus
321 724 411 788 deus
428 726 664 808 omnipotens
681 743 813 790 nomen
829 730 887 790 est
903 726 950 806 ei,
966 763 1009 771 —
1025 726 1080 789 sed
1095 726 1141 789 hii
1156 744 1279 805 omnes,

133 827 327 892 dilectissimi
354 829 478 910 fratres,
509 830 704 913 ignorantiae
727 829 866 894 tenebris
889 830 1024 895 inuoluti
1054 829 1165 893 dubios
1189 850 1279 894 euer-

132 935 205 996 tunt
236 936 268 996 et
290 934 523 998 eonsentientes
555 935 594 998 ad
617 935 801 1017 perditionis
825 954 900 999 suae
929 935 1047 1017 pericla
1077 935 1246 999 deducunt.
1273 935 1305 1021 ᾖε

132 1036 188 1099 Hii
216 1040 290 1100 sunt
317 1037 412 1118 enim,
437 1038 519 1102 sicut
542 1038 695 1103 scribtum
719 1043 777 1120 est,
808 1040 925 1104 nultos
950 1039 1031 1103 sine
1060 1057 1155 1120 aqua
1182 1058 1276 1120 quae

133 1157 151 1204 a
174 1141 299 1204 uentis
323 1141 652 1224 circumferuntur,
677 1142 829 1208 arbores
854 1144 1024 1207 autumni
1047 1144 1127 1207 sine
1143 1143 1278 1207 fructi-

131 1242 201 1308 bus
225 1249 396 1309 mortuae
420 1250 456 1310 et
483 1248 716 1330 exstirpatae
739 1252 775 1312 et
797 1249 939 1312 fluetus
970 1249 1138 1312 faeroees
1163 1248 1277 1311 maris

133 1353 351 1432 spumantes
382 1369 468 1414 suas
500 1353 771 1434 turpitudines
803 1353 928 1416 sidera
954 1352 1108 1416 fallacia
1139 1351 1277 1434 quibus

132 1457 338 1536 tempestas
355 1459 391 1519 et
403 1456 525 1539 caligo
542 1456 784 1520 tenebrarum
799 1460 1106 1531 reseruatasunt3
1120 1475 1277 1538 quorum
1292 1477 1318 1514 10

132 1558 313 1622 iudicium
330 1560 418 1623 olim
434 1560 494 1623 uix
511 1561 660 1624 suffieit
676 1565 712 1625 et
726 1561 888 1645 perditio
905 1562 958 1624 eis
975 1580 1045 1625 non
1061 1561 1275 1625 indormiet.

131 1663 315 1727 Nesoientes
347 1665 431 1727 enim
462 1682 554 1729 mnne
582 1666 641 1730 hoo
664 1667 747 1747 quod
774 1666 899 1729 uidetur
921 1666 1079 1748 proposito
1102 1686 1157 1749 per
1181 1666 1277 1729 deum

131 1767 193 1831 fine
216 1769 389 1850 periturum
416 1773 447 1833 et
470 1770 538 1833 ideo
563 1771 768 1834 inluminatos
791 1771 889 1834 luisse
908 1769 1056 1834 tenebras
1080 1774 1112 1834 et
1134 1771 1276 1834 facturae

70 1884 108 1936 85
134 1870 307 1957 inuenlltam
323 1892 391 1937 esse
407 1876 563 1954 naturam,
587 1878 622 1938 ut
638 1874 740 1938 diuisa
755 1878 933 1956 temporum
949 1875 1088 1938 numeris
1105 1878 1136 1938 et
1152 1875 1274 1938 dierum

131 1975 347 2041 habitaculum
375 1981 571 2061 praestarent
593 1978 715 2042 homini
737 1977 894 2043 laboranti
916 1979 949 2042 in
973 1996 1050 2062 opus
1075 1978 1193 2043 Christi
1216 1998 1274 2042 nec
1289 1998 1314 2036 1⁵

130 2081 339 2145 constitutum
363 2081 488 2146 diuinae
512 2083 685 2146 uoluntatis
709 2083 881 2163 excederet,
912 2083 965 2164 qui
989 2084 1028 2146 ad
1058 2083 1273 2167 praebendum

130 2185 229 2249 nostri
252 2186 464 2249 ministerium
488 2186 595 2250 diuina
618 2186 764 2251 instituta
780 2205 904 2251 seruare
928 2187 1096 2261 uoluisset3
1120 2187 1164 2251 sic
1188 2189 1274 2251 enim

130 2288 283 2353 scribtum
318 2294 367 2354 est
397 2290 434 2353 de
465 2290 542 2354 hiis:
577 2294 683 2374 pater
714 2294 840 2355 uester
874 2289 1046 2356 diabolus
1081 2290 1125 2355 ab
1159 2291 1273 2355 initio

131 2394 286 2458 mendax
310 2394 397 2476 fuit,
422 2399 453 2459 et
476 2414 603 2460 necesse
627 2398 684 2476 est,
715 2395 803 2459 euius
827 2396 954 2460 initium
982 2396 1136 2461 mendacii
1160 2400 1274 2461 natura

131 2499 229 2580 dedit,
261 2499 347 2563 uiam
378 2499 520 2564 ueritatis
552 2502 658 2563 tenere
689 2519 752 2564 non
782 2500 891 2582 possit.
941 2501 1074 2584 Propter
1103 2501 1186 2583 quod
1215 2519 1272 2565 uos
1287 2521 1314 2560 ao

130 2604 235 2667 hortor
258 2606 290 2667 et
312 2622 434 2684 moneo,
457 2608 493 2668 ut
516 2604 579 2685 qui
600 2603 789 2687 baptizati
811 2604 849 2669 in
873 2604 1025 2670 Christe
1050 2603 1053 2691 l
1080 2604 1291 2670 Christum·

130 2707 312 2772 induistis
346 2708 499 2772 reiectis
536 2709 679 2773 saeculi
715 2708 884 2772 tenebris
919 2712 1109 2791 tamquam
1142 2710 1180 2773 in
1215 2709 1273 2773 die

129 2812 287 2876 honeste
315 2812 519 2876 ambuletis
551 2816 592 2893 et,
616 2814 697 2877 siout
720 2815 880 2896 apestolus
908 2813 962 2894 ait,
993 2833 1098 2879 nemo
1127 2832 1192 2878 uos
1215 2816 1273 2878 de-

128 2917 329 2998 praedetur
345 2918 548 2981 seoundum
564 2918 844 3001 philosophiam
863 2919 991 2983 mundi
1013 2918 1125 2983 huius
1142 2921 1178 2984 et
1200 2937 1272 2983 nen

130 3021 554 3096 secundum0h1·istum;
578 3023 767 3105 sapientia
787 3023 885 3088 enim
907 3023 1019 3087 huius
1035 3024 1164 3089 mundi
1180 3025 1272 3089 stul·
1288 3050 1314 3090 25

129 3125 219 3190 titia
248 3129 305 3190 est
329 3127 423 3210 apud
454 3126 561 3191 deum
584 3131 615 3191 et
647 3145 739 3208 quae
763 3127 941 3192 uidentur
968 3128 1147 3192 mortalia
1170 3132 1271 3202 sunt;

233 3275 246 3329 1
267 3272 347 3327 Sirao.
362 3276 403 3337 17,
416 3276 457 3329 30.
511 3274 557 3342 qui
580 3274 702 3344 aduocat]
726 3275 809 3328 Amos
827 3278 851 3339 5,
865 3278 893 3338 8;
916 3274 972 3328 Iob.
991 3277 1070 3339 5,1o¹
1125 3275 1205 3330 ldil.
1225 3275 1271 3345 fr]

128 3358 161 3414 cf.
175 3359 228 3413 Iao.
243 3363 265 3424 1,
280 3363 321 3415 16.
336 3362 380 3423 19;
398 3363 423 3424 2,
436 3364 460 3416 5.
509 3364 525 3416 6
537 3377 576 3430 ep.
591 3360 673 3415 ludae
686 3364 724 3417 12.
737 3365 776 3417 13.
827 3365 859 3417 10
872 3378 985 3430 quorum
998 3361 1138 3432 iudicium]
1151 3362 1188 3416 Π.
1198 3362 1271 3416 Petr.

127 3449 151 3510 2,
166 3449 189 3502 3.
274 3446 357 3502 1810.
371 3449 447 3511 alt.
530 3450 562 3502 21
588 3446 646 3502 Gal.
664 3450 688 3513 3,
705 3451 747 3503 27.
837 3451 870 3503 22
894 3448 1009 3518 reiectis]
1028 3449 1270 3513 Rom.13‚1a.13.

127 3535 162 3588 28
180 3534 270 3604 nemo]
289 3533 344 3588 Col.
362 3536 386 3598 2,
404 3537 428 3590 8.
525 3538 558 3590 25
582 3535 722 3605 sapientia]
743 3534 836 3590 [θον.
853 3538 936 3599 3,19;
959 3534 992 3590 ef.
1015 3536 1099 3590 Prisc.
1117 3535 1219 3605 prolog.
1243 3537 1271 3590 in

128 3638 240 3675 canones
259 3638 361 3676 necnon
380 3637 436 3676 can.
450 3621 488 3675 IV
507 3625 534 3676 et
551 3621 696 3676 LXXXlX.
771 3625 804 3677 26
823 3638 889 3690 quae
908 3622 1045 3692 uidentur]
1065 3623 1101 3676 II.
1114 3622 1173 3678 Cor.
1186 3626 1211 3688 4,
1226 3627 1271 3686 18;

127 3708 161 3763 ef.
175 3708 258 3763 Prisc.
272 3726 327 3763 ean.
341 3708 388 3763 XI.

171 3843 186 3895 5
214 3821 401 3925 pelarcula,
430 3850 451 3899 υ
481 3840 527 3894 lin.
556 3839 599 3893 del
687 3843 704 3897 8
732 3841 907 3924 faeneos]
934 3839 1044 3895 Graece:
1075 3840 1171 3911 κύματα
1197 3838 1271 3911 ἄγρια

127 3927 434 4030 etnubentium,
457 3957 467 4006 r
487 3962 517 3998 ex
538 3955 544 4003 ι
565 3943 628 3998 fact.
719 3948 751 4000 14
769 3945 851 3999 uerba
871 3935 1112 4005 reem—bae.
1137 3946 1271 4015 scriptura

128 4105 246 4158 coartata
268 4104 417 4167 exarantur,
441 4101 474 4157 el.
488 4106 530 4168 55,
543 4105 589 4165 23;
608 4105 678 4167 61,5
768 4105 800 4158 15
818 4063 1044 4186 βΙὶΑΕΞῙΑΙὶΕῇῖ1
1132 4103 1218 4171 Nec]
1236 4101 1269 4158 ef.

127 4294 207 4348 supra
226 4281 295 4342 61‚7
378 4279 410 4334 18
434 4216 659 4338 ΞίῐὶΙθῖϋίῐξὲἒ
732 4280 764 4334 19
785 4288 962 4339 NAIURAC
1036 4281 1070 4333 25
1087 4287 1193 4367 ιΧΡΠ)
