2896 4808
629 373 799 422 tractatus
817 368 863 422 Vl.
1278 347 1317 411 ’Π

177 521 311 586 arduum
333 525 456 588 diuinae
483 526 716 609 intellegentiae
737 530 797 590 iter
820 527 907 590 uelut
930 525 1012 589 cliuo
1035 525 1175 588 molliore
1197 524 1322 601 leniret,

176 627 315 708 primurn
329 648 386 710 per
402 627 405 711 j
424 629 556 712 Moysen
572 631 645 694 data
660 631 740 714 lege,
760 629 929 713 prohibens
945 648 1051 694 omne
1066 629 1205 693 idolum
1225 626 1320 710 quod

178 736 279 795 esset
301 733 339 796 in
361 735 463 798 caelo
487 736 566 798 siue
588 736 625 799 in
648 738 750 799 terra
773 735 905 799 siuein
920 735 1039 816 aquis,
1062 734 1221 797 detestans
1237 731 1320 798 mili-

176 836 256 899 tiam
274 839 484 921 principatum
504 841 622 904 saeculi
636 859 716 922 quae
732 843 880 923 operatur
895 841 927 904 in
943 836 1185 923 cogitationibus
1200 836 1319 902 nocitus

149 944 209 1004 set
224 942 403 1006 castificans
417 945 450 1007 in
462 945 510 1008 liis
527 962 605 1028 opus
621 945 736 1024 carnis,
752 965 792 1009 ne
808 945 883 1027 quid
899 944 994 1008 bomo
1010 948 1096 1008 extra
1112 961 1211 1007 unum
1226 942 1319 1006 oleum

175 1047 265 1111 uelut
288 1048 382 1110 deum
397 1050 503 1129 uellet,
525 1051 684 1133 praecepti
707 1049 770 1114 fine
786 1050 967 1132 conpescuit
992 1052 1034 1128 et,
1057 1067 1130 1112 cum
1145 1046 1319 1130 unumquiil

175 1149 211 1214 in
240 1151 428 1216 sacrificium
450 1157 581 1237 peteret,
611 1155 708 1218 occidi
732 1172 794 1218 non
821 1172 970 1237 pecorum
993 1152 1181 1236 sanguinem
1208 1151 1319 1230 uoluit,

176 1255 233 1318 scd
262 1257 360 1320 occidi
385 1258 419 1321 in
442 1258 531 1322 nobis
555 1277 592 1322 ea
618 1277 698 1340 quae
720 1259 870 1323 uitiorum
893 1262 1005 1322 natura
1028 1257 1149 1322 idolicis
1170 1257 1204 1321 in
1227 1274 1319 1320 carne

174 1360 284 1424 formis
299 1367 515 1445 occupauerat,
539 1364 660 1427 dicente
684 1364 722 1428 de
741 1360 929 1447 buiusimocli
951 1363 1106 1446 apostolo:
1129 1379 1200 1426 non
1223 1360 1319 1443 qrrol
1344 1367 1403 1422 rot

135 1465 318 1530 aridolum
352 1469 401 1531 sit
437 1469 596 1549 aliquid,
630 1470 694 1533 sed
729 1488 822 1551 quae
854 1468 1076 1532 sacrificant
1110 1464 1319 1530 daemoniis

175 1572 398 1636 sacrificant
428 1576 463 1635 et
489 1591 561 1636 non
591 1574 668 1653 cleo,
698 1574 804 1637 uthis
828 1573 946 1636 scilicet
969 1572 1001 1636 in
1024 1571 1151 1635 homine
1174 1569 1319 1635 correctis

174 1680 248 1756 post
261 1676 329 1758 ipse
344 1676 498 1740 bonorum
514 1680 625 1741 natura
641 1678 795 1742 iacturam
812 1678 901 1741 uolut·
916 1676 1045 1760 perfecti
1061 1674 1199 1739 hominis
1214 1675 1318 1739 locum

175 1782 302 1844 uterum
317 1782 479 1865 uirginalis
503 1783 606 1846 carnis
621 1783 783 1867 ingressus
806 1783 960 1847 idolorum
975 1781 1085 1845 sonnis
1107 1780 1139 1843 in
1154 1777 1319 1863 pecoribus

175 1886 283 1949 occisis
306 1905 400 1950 suum
422 1888 609 1971 sanguinem
631 1889 664 1952 in
684 1888 931 1970 redemptionem
953 1887 1111 1950 humanae
1134 1884 1318 1967 expiationis

134 2011 161 2049 15
176 1989 301 2054 offerret
330 1995 362 2055 et·
384 1993 585 2075 conceptione
615 1997 707 2075 partu
737 1991 897 2076 uagitibus
928 1991 1017 2055 cuuis
1048 2007 1158 2054 onmes
1189 1991 1318 2052 naturae

175 2098 301 2159 nostrae
316 2100 534 2160 transcurrens
550 2098 755 2161 contumelias
772 2096 907 2160 munito
923 2096 959 2159 in
976 2091 1135 2178 cruflcem
1158 2093 1233 2157 lixo
1256 2093 1319 2156 sal-

174 2203 249 2264 uato
270 2200 303 2263 in
326 2219 360 2263 se
383 2205 414 2264 et
428 2221 485 2284 per
507 2221 540 2265 se
564 2201 626 2264 sibi
639 2201 767 2265 homine
789 2201 950 2285 gauderet.
974 2199 1058 2263 Nam
1073 2198 1155 2279 quod
1177 2197 1318 2281 primus

175 2305 316 2368 mensis
345 2305 462 2388 petitur
484 2307 517 2369 in
546 2307 672 2388 pascha,
703 2325 765 2370 non
788 2310 824 2369 ut
852 2305 1041 2369 adtendatur
1067 2302 1197 2382 mensiS,
1228 2301 1317 2365 cuius

174 2428 342 2472 numerum
363 2414 487 2475 constat
506 2429 578 2473 cunr
601 2411 727 2474 saeculo
750 2410 939 2474 numerabili
962 2427 1031 2473 esse
1054 2408 1239 2492 periturum,
1263 2405 1318 2468 sod

133 2535 161 2573 uo
174 2514 249 2594 quia
278 2515 419 2578 omniurn
442 2517 563 2578 creator
585 2515 619 2578 in
646 2516 720 2580 totis
751 2517 809 2595 est,
842 2517 1030 2599 agnoscatur
1051 2512 1134 2595 quod
1165 2510 1317 2575 scribtum

175 2621 237 2681 cst:
267 2619 460 2701 primitiae
490 2619 653 2682 omnium
677 2619 865 2698 ChristuS,
896 2623 928 2683 et
959 2618 996 2681 do
1027 2617 1168 2701 propiato
1198 2615 1317 2680 iniruici

173 2724 320 2804 transitu,
343 2723 398 2787 ubi
417 2725 539 2807 primus
562 2725 681 2788 mensis
705 2724 744 2788 ad
765 2723 983 2788 inmolandum
1006 2722 1132 2805 petitur,
1156 2720 1210 2800 ibi,
1233 2719 1317 2802 quia,

175 2828 257 2892 sicut
271 2827 422 2893 scribtum
444 2831 501 2908 est,
525 2847 701 2892 numerus
717 2828 879 2892 hominis
895 2845 1073 2892 numerus
1089 2828 1146 2889 ost
1161 2825 1316 2904 bestiae,

174 2951 252 3015 opus
275 2933 384 2996 mundi
408 2938 439 2996 et
454 2930 612 3018 nelbiuitas
635 2933 667 2996 in
692 2933 781 2997 nobis
797 2933 899 3016 prima
921 2933 1064 2996 uincetur
1087 2934 1118 2995 et
1140 2930 1198 2994 deo
1213 2929 1315 3013 potius
1342 2936 1401 2990 loo

134 3056 160 3094 2⁵
174 3037 358 3120 incipientes
387 3056 481 3119 quarn
514 3039 637 3102 saeculo
662 3037 774 3102 debere
803 3038 885 3120 quod
913 3037 1072 3101 nascimur
1095 3035 1317 3117 intellegamus

278 3201 346 3256 201.
359 3201 441 3254 Exod.
454 3205 495 3264 20,
508 3205 532 3256 4.
586 3199 877 3263 ol.cor.1o,1o.2o.
934 3202 966 3254 lo
985 3198 1018 3253 cl.
1030 3198 1123 3261 Gaulo,
1135 3200 1174 3253 14.
1231 3200 1261 3253 17
1282 3196 1315 3250 cf.

174 3288 255 3341 Erod.
271 3291 311 3352 12,
324 3292 348 3343 2.
402 3291 434 3343 21
454 3289 476 3342 I.
490 3287 548 3342 Cor.
565 3291 605 3352 15,
618 3290 659 3342 23.
713 3290 747 3343 23
765 3287 846 3356 Apoc.
862 3289 902 3349 13,
917 3289 956 3343 18.

280 3439 312 3491 15
330 3438 469 3505 Hilarius,
488 3436 520 3490 de
538 3437 602 3491 trio.
616 3437 657 3504 II,
669 3439 718 3501 24;
736 3435 790 3490 uid.
804 3451 884 3504 supra
902 3434 935 3488 ad
954 3451 979 3503 p.
993 3437 1034 3489 60.

219 3598 232 3650 1
254 3587 403 3671 limaret,
420 3606 431 3654 r
446 3610 476 3646 ex
493 3605 500 3651 r
517 3593 579 3647 raet.
637 3594 934 3678 apnrmcrparom
948 3608 996 3662 pro
1010 3601 1315 3674 patrocinantem,

173 3751 207 3805 cf.
224 3754 295 3815 aar
384 3706 763 3833 scasrrfrcarxio'robrs,
788 3762 807 3810 o
831 3765 881 3804 ras.
901 3749 952 3803 del.
1053 3751 1069 3804 b
1090 3739 1316 3831 nocumento,

173 3857 267 3910 eadem
289 3857 375 3909 forma
398 3859 518 3910 occurret
536 3873 560 3923 p.
581 3859 670 3921 105,1
737 3859 753 3911 9
774 3838 873 3942 b⁰1¹⁰
876 3864 917 3942 JS,
936 3855 1041 3907 litterae
1062 3864 1120 3912 llJS
1142 3854 1169 3907 in
1188 3855 1316 3922 rrrarginc,

175 3973 210 4022 ro
231 3963 259 4015 in
275 3978 325 4015 ras.
398 3964 430 4016 10
450 3970 687 4043 cerbereas.
765 3963 794 4015 11
814 3942 1032 4049 Lcjorrreec'us
1098 3961 1130 4014 16
1150 3966 1317 4018 teostitae

174 4119 226 4216 erl
252 4146 288 4197 ετ
310 4135 357 4189 lin.
377 4134 427 4189 der.
508 4076 634 4194 salbro
748 4137 782 4189 20
801 4117 1062 4212 acmos'caroru
1086 4133 1161 4199 oon
1182 4134 1269 4198 roos)
1287 4148 1317 4184 ux

175 4304 197 4353 υ
218 4309 284 4346 corr.
365 4295 399 4348 25
420 4251 641 4370 ΝΑεῐειωυξ,
662 4301 682 4350 S
700 4291 738 4358 (iu
758 4292 853 4358 mus)
870 4291 916 4344 lin.
936 4290 986 4344 del.
