2896 4808
642 357 810 408 tractatus
828 356 850 409 I.
1274 338 1315 401 33

172 515 206 576 91
226 512 386 596 apostolus
406 512 486 576 nulli
508 512 657 595 loquendi
679 515 717 577 de
738 515 794 578 deo
811 514 871 577 iter
894 513 1042 577 claudens
1060 532 1131 577 oum
1155 514 1193 577 ad
1208 513 1317 598 plebes

100 672 110 685 x
172 615 290 698 quibus
310 613 529 703 prasidioabat
550 617 713 682 scriberet:
738 618 910 701 potestis,
930 618 1049 700 inquid,
1074 617 1218 701 singuli
1241 619 1319 700 qui·
1342 627 1382 680 40

172 722 459 804 quoprofetare,
483 726 523 785 ut
539 741 664 786 omues
688 724 839 787 discant
862 725 1039 786 etomues
1064 722 1319 804 exhortentur,

174 827 231 890 sed
254 829 286 890 et
301 825 390 890 alibi:
415 827 574 911 spiritus
598 829 829 911 profetarum
852 827 1012 911 profetis
1037 827 1199 891 subiecti
1223 831 1320 909 sunt,

144 933 212 995 out
238 931 293 1013 qui
320 932 376 996 deo
400 931 525 997 Christo
553 932 692 997 erederet
719 933 895 1016 profetaudi
924 932 961 996 de
989 933 1046 997 deo
1070 932 1320 1016 desperationem

173 1035 209 1099 in
232 1054 267 1100 90
290 1038 372 1118 quod
396 1036 542 1101 omnibus
566 1038 630 1100 suis
653 1038 841 1120 promiserat
863 1056 925 1101 000
948 1037 1088 1102 haberet.

218 1141 260 1205 Ire
274 1141 352 1222 ideo,
376 1140 553 1205 beatissimi
569 1143 756 1222 sacerdotes,
781 1142 807 1206 si
823 1142 1032 1224 satisfactum,
1056 1142 1214 1207 damnatis
1230 1144 1320 1207 here-

175 1244 264 1310 sibus
288 1247 320 1309 et
342 1244 541 1329 dogmatibus
566 1250 597 1310 et
612 1245 685 1310 fidei
709 1247 851 1328 expedita
874 1246 1079 1328 obseratione,
1103 1250 1135 1312 et
1150 1248 1206 1312 (190
1229 1253 1322 1332 puta-

175 1349 217 1415 tis
253 1353 285 1414 et
310 1349 415 1431 uobis,
444 1351 553 1414 dantes
585 1351 802 1415 testimouium
830 1352 957 1415 ueritati
989 1351 1109 1417 inuidia
1140 1372 1198 1417 nos
1229 1353 1320 1417 mali-

132 1477 160 1516 10
176 1455 266 1519 00199
282 1452 519 1518 obtreetatiouis
544 1455 698 1519 absoluite
714 1461 746 1520 et
764 1457 935 1520 referentes
957 1457 995 1520 ad
1015 1457 1128 1521 fratres
1144 1461 1267 1522 uestros
1283 1478 1320 1523 99
1378 1454 1382 1459 “

176 1578 256 1642 quae
275 1560 499 1624 maledicorum
520 1564 595 1625 suut
613 1561 717 1625 uerbis
734 1564 848 1625 uexata
871 1565 989 1642 sanate,
1010 1559 1014 1647 1
1035 1562 1184 1643 quoniam
1198 1563 1318 1628 fruetus

175 1665 261 1728 uitae
285 1668 333 1728 est
354 1664 479 1748 probari
502 1664 540 1728 ab
564 1666 614 1730 his
634 1666 688 1747 qui
711 1666 805 1729 fidem
828 1667 896 1730 ueri
919 1669 1081 1749 expetunt,
1105 1686 1169 1732 000
1192 1669 1246 1750 qui
1262 1669 1319 1732 sub

175 1769 303 1833 nomme
325 1770 548 1854 religiosorum·
566 1771 754 1834 domesticas
778 1770 959 1835 iuimicitias
982 1776 1221 1854 persequuntur.

281 1959 337 2015 21.
357 1960 416 2016 eor.
437 1963 477 2025 14,
496 1963 538 2016 er.
608 1961 753 2041 4000.
772 1964 813 2016 32.

283 2138 315 2190 12
333 2136 467 2191 Faustini
480 2137 569 2205 presb.
582 2137 649 2206 fides
668 2136 768 2205 (Migne
788 2137 828 2201 13,
842 2136 898 2208 79);
918 2135 963 2204 qui
982 2134 1031 2189 sub
1050 2136 1158 2189 nomiue
1176 2137 1320 2192 catholicae

175 2221 239 2276 fidei
258 2222 340 2291 impia
358 2222 441 2276 uerba
459 2222 614 2277 defenduut.

221 2396 528 2484 aaoseuauoboe]
564 2415 596 2470 or.
624 2416 724 2470 000
754 2414 773 2470 r,
803 2416 850 2470 0(
878 2415 938 2470 rex.
967 2416 1006 2470 90.
1029 2415 1151 2470 warfaru
1177 2415 1233 2481 111,
1261 2419 1320 2472 324.

177 2577 194 2628 9
220 2531 441 2650 (1101100106,
464 2573 538 2640 000
558 2565 663 2639 1ε)110.
684 2572 734 2626 del.
812 2516 1057 2653 1090901001,
1078 2577 1169 2628 eratne
1187 2585 1321 2640 &super-

177 2677 288 2746 script?
361 2680 393 2733 12
414 2688 485 2736 0th
560 2679 593 2732 13
616 2679 678 2745 post
695 2675 906 2746 ‘persequuntur‘
924 2678 990 2732 haee
1013 2678 1172 2748 subscriptio
1194 2678 1321 2732 occurrit:

211 2787 392 2845 EXPLICIT
415 2764 584 2846 INCIPIT.¹
606 2787 726 2845 LIBER
748 2765 997 2846 ADDAMASUM'
1019 2763 1258 2847 ΕΡΙΒΟΟΡΠΜ.1
1281 2781 1290 2870 II
