2896 4808
580 337 745 390 tractatus
764 336 815 390 III.
1229 320 1272 385 55
1323 409 1328 414 ,

126 493 188 557 ubi
210 493 370 558 libertas
393 494 447 558 ibi
463 493 648 575 Christus,
671 495 750 558 libet
773 514 823 558 me
843 514 943 558 unum
959 495 1095 559 clamare
1110 514 1166 579 pro
1185 497 1271 578 totis

125 599 1270 684 quiaetegospiritumdominihabeo:cessetinuidiadiaboli1ab

125 704 269 768 omnibus
281 704 484 768 adnuntiatus
498 708 547 768 θεῖ
558 705 712 784 dominus,
726 704 765 768 ab
778 704 923 768 omnibus
935 706 1110 788 proletatus
1123 710 1172 769 est
1181 705 1271 771 Chri-

92 884 97 895 ,
126 813 203 889 stus,
215 807 283 893 lab>
294 808 398 872 Adam
411 808 557 874 Schoe
569 807 760 873 Abraham
776 809 860 873 Isac
872 809 983 873 Iacob
1000 813 1030 874 et
1047 828 1065 873 a
1080 811 1191 874 ceteris
1208 812 1271 892 qui

85 931 98 972 5
125 913 169 977 ab
201 913 314 977 initio
346 914 491 977 saeculi
514 914 820 996 pro'letauerunt,
845 917 877 978 et
899 914 1073 997 intrepidus
1097 915 1164 978 dico
1188 916 1270 997 quod

124 1019 245 1082 inuidet
261 1018 417 1082 diabolus:
442 1022 612 1082 uenturum
634 1018 667 1082 in
690 1037 783 1082 carne
806 1019 900 1082 deum
924 1019 1026 1082 omnis
1049 1019 1144 1083 horno
1168 1020 1269 1100 sciuit,

125 1141 186 1186 non
203 1123 304 1186 dicam
320 1123 366 1186 hii
382 1142 459 1204 quos
475 1123 508 1186 in
525 1123 728 1205 dispositione
740 1122 952 1207 generationis
970 1141 1045 1186 suae
1056 1123 1090 1187 in
1106 1125 1269 1208 euangelio

125 1229 201 1290 deus
224 1227 329 1310 posuit
344 1231 375 1291 et
399 1228 523 1291 diuinae
546 1231 677 1292 naturae
692 1227 788 1291 fidem
808 1232 840 1291 et
862 1247 1030 1292 numerum
1053 1229 1165 1292 canoni
1180 1247 1269 1312 prae-

125 1335 271 1396 staturos.
308 1331 396 1411 Quod
414 1332 496 1396 sicut
513 1331 685 1397 scientibus
703 1336 734 1396 et
749 1333 938 1416 negantibus
955 1333 1054 1396 maior
1069 1351 1169 1416 poena
1192 1337 1249 1415 θεῖ,
1262 1331 1271 1419 ll

85 1456 110 1493 10
125 1438 169 1500 sic
193 1440 224 1500 θῖ
246 1438 385 1520 perfecta
407 1438 507 1520 gloria
534 1440 667 1501 estnon
698 1439 800 1501 solum
824 1438 932 1501 corde
963 1438 1123 1520 credere,
1155 1439 1209 1502 sed
1238 1443 1269 1503 et

123 1560 184 1605 ore
201 1541 454 1605 confessionis
470 1542 603 1624 gloriam
620 1561 682 1606 non
698 1560 823 1625 negare,
840 1541 963 1606 dicente
979 1541 1096 1606 Dauid:
1118 1543 1269 1623 credidi,

122 1650 274 1729 propter
305 1646 399 1727 quod
432 1647 583 1710 locutus
614 1665 703 1710 sum.
743 1646 780 1709 In
812 1665 873 1727 quo
904 1649 936 1710 θῖ
967 1647 1125 1727 apostolus
1155 1648 1268 1712 Petrus

123 1753 224 1815 sciens
248 1751 471 1815 conscientiam
494 1752 527 1814 in
549 1751 637 1815 libris
662 1752 818 1816 canonicis
843 1751 966 1814 numeri
989 1753 1142 1837 rationem
1167 1755 1199 1816 et
1220 1773 1269 1816 re-

122 1857 229 1919 laxans
245 1856 370 1938 legendi
394 1875 430 1919 ea
449 1874 528 1937 quae
552 1856 589 1919 de
606 1856 731 1920 Christo
749 1857 866 1939 scripta
890 1859 964 1920 sunt
978 1855 1170 1936 libertatem,
1195 1876 1267 1920 cum

83 1978 108 2016 15
123 1960 161 2023 ad
177 1960 362 2024 Colosenses
379 1961 547 2042 epistulam
563 1961 660 2040 daret,
685 1957 775 2024 diiit:
808 1979 889 2023 cum
912 1962 1010 2024 lecta
1032 1961 1149 2024 luerit
1172 1963 1269 2044 apud

122 2083 186 2129 uos
202 2065 369 2148 epistula
384 2065 483 2145 haec,
501 2066 629 2146 facite,
653 2068 746 2130 utet
769 2065 806 2128 in
822 2065 1111 2130 Laodicensium
1128 2067 1268 2130 eclesia

120 2171 283 2253 legatur,
314 2172 352 2234 θῖ
382 2188 460 2233 eam
491 2189 584 2251 quae
616 2171 904 2234 Laodicensium
936 2174 993 2235 est
1023 2188 1089 2234 uos
1116 2171 1266 2254 legatis.

120 2274 187 2338 Aut
209 2275 363 2356 numquid
383 2273 571 2338 damnabilis
588 2275 670 2357 apud
685 2294 741 2339 uos
759 2276 918 2358 apostolus
935 2275 1004 2355 fuit,
1029 2275 1083 2356 qui
1100 2275 1267 2357 epistulam

121 2397 199 2460 quae
227 2380 259 2443 in
283 2397 400 2442 canone
424 2398 485 2443 non
510 2383 576 2443 erat
606 2379 775 2462 discipulos
808 2397 880 2443 suos
903 2380 1008 2463 legere
1026 2376 1029 2463 l
1047 2380 1191 2462 permisit
1214 2383 1268 2444 aut

81 2500 108 2538 20
121 2483 210 2547 uobis
241 2485 340 2547 maior
373 2502 448 2548 cura
476 2501 532 2566 pro
564 2483 687 2549 Christo
719 2488 767 2549 est
797 2485 904 2566 sicque
934 2485 1113 2547 uoluntates
1144 2486 1266 2549 uestras

122 2590 223 2672 agitis
254 2593 290 2653 ut
319 2590 473 2653 iniustum
496 2590 644 2653 iudicium
669 2591 764 2653 etiam
786 2591 819 2654 in
843 2608 879 2653 ea
910 2608 989 2671 quae
1013 2592 1085 2653 ante
1109 2607 1165 2652 uos
1194 2593 1268 2654 sunt

121 2693 246 2757 decreta
269 2694 427 2758 tendatis?
451 2693 605 2758 Omnibus
627 2694 711 2758 enim
727 2695 817 2758 nobis
841 2695 893 2776 qui
909 2694 1003 2757 deum
1020 2692 1180 2758 Christum
1201 2713 1267 2757 cre-

121 2798 224 2861 dimus
246 2799 442 2881 plenitudo
466 2799 559 2862 fidei
582 2799 648 2862 dies
669 2799 788 2862 domini
804 2802 852 2863 est
876 2801 907 2862 et
922 2800 972 2862 lex
995 2798 1079 2862 uitae
1103 2799 1267 2882 apostolici

120 2903 221 2966 forma
243 2903 401 2985 praecepti
424 2906 481 2982 est,
516 2903 675 2985 quoniam,
700 2903 726 2966 si
748 2903 847 2966 fides
872 2923 912 2966 ex
941 2903 1083 2983 auditu,
1115 2903 1265 2967 auditus

80 3011 244 3071 2521110111
271 3027 335 3090 per·
365 3008 481 3071 fidem
512 3010 679 3088 constat,
712 3008 844 3089 qualiter
871 3006 962 3071 nobis
992 3007 1169 3071 futurorum
1195 3026 1266 3091 spes

227 3169 514 3234 rcf.11.cor.3,17.
598 3170 820 3236 21.cor.7,4o.
903 3170 1040 3235 drona,
1056 3173 1096 3226 13.
1181 3174 1213 3227 10
1232 3172 1265 3225 of.

121 3259 314 3322 nominib.
417 3261 447 3313 11
469 3258 580 3328 credidi]
600 3259 644 3312 Ps.
664 3262 721 3322 115,
741 3261 781 3314 10.
871 3261 902 3313 15
922 3258 1019 3322 0014,
1038 3261 1079 3313 16.
1179 3261 1213 3314 23
1232 3258 1265 3313 cf.

43 3378 46 3385 Δ
120 3344 310 3409 Hennaeae.
377 3347 411 3400 24
429 3345 506 3398 Rom.
521 3349 561 3409 10,
576 3347 621 3409 173
641 3346 673 3399 cf.
687 3348 757 3414 Hit,
771 3347 878 3401 dotrina
896 3347 983 3414 V,32‚
1002 3345 1048 3398 ubi
1066 3348 1136 3399 recte
1154 3345 1266 3414 legitur:

122 3431 181 3485 aud.
196 3435 286 3486 autem
304 3449 351 3501 per
369 3432 513 3486 uerbum.

224 3565 240 3616 2
266 3564 404 3632 Hilarius,
428 3570 524 3618 contra
548 3562 638 3618 Ooast.
661 3565 726 3632 imp.
749 3581 769 3618 e.
790 3567 819 3616 6:
842 3566 927 3617 cesset
948 3563 1038 3631 itaque
1061 3563 1265 3617 maledictorum

120 3650 208 3718 opinio
227 3652 254 3703 et
271 3650 403 3704 mendacii
422 3650 536 3719 suspicio
542 3671 549 3714 ;
568 3650 601 3704 of.
622 3651 654 3705 de
666 3652 730 3704 trin.
745 3652 786 3719 II,
798 3655 829 3718 9;
853 3652 976 3720 111124,-
994 3652 1066 3719 XII,
1078 3654 1120 3704 35.

163 3793 180 3845 4
198 3800 245 3849 ΑΒ
263 3789 337 3842 deest
424 3793 440 3845 6
460 3789 597 3857 CARNE]
614 3790 669 3843 uid.
683 3807 764 3859 supra
775 3807 800 3858 p.
812 3793 836 3854 7,
848 3792 892 3853 18;
905 3792 947 3853 21,
958 3791 991 3844 22
1002 3788 1035 3845 al.
1134 3792 1167 3845 13
1187 3801 1262 3850 ΕΘΝ

120 3894 332 3962 screatum
350 3892 383 3948 cf.
403 3911 483 3963 supra
501 3912 526 3963 p.
544 3898 568 3959 5,
586 3897 615 3957 4;
633 3897 705 3958 30,3
724 3893 757 3948 al.
783 3893 901 3963 exempla
924 3893 1085 3948 abundantis
1108 3895 1214 3948 litterae
1236 3896 1265 3949 M

120 4057 154 4108 2θ
172 4052 287 4134 suque]
314 4051 347 4106 cf.
365 4055 406 4117 54,
426 4055 459 4108 23
546 4056 580 4108 22
603 4011 789 4131 re‘rb‘bnus⁷
818 4042 836 4111 b
860 4070 910 4107 ras.
934 4052 984 4106 uel.
1075 4041 1264 4140 caedimus

120 4139 339 4245 pljcbounbo,
357 4160 446 4210 eratne
462 4147 676 4219 caedemus?
729 4161 763 4213 23
776 4158 850 4212 locus
867 4146 1265 4226 muruco-bresscriptura

120 4264 239 4315 coartata
257 4265 378 4316 exaratur
446 4245 933 4352 testetlex'uttaeajpostoltlo¹
1002 4265 1037 4317 24
1057 4251 1142 4346 fadus

1295 1444 1332 1498 72
