2918 4808
575 375 740 426 tractatus
758 371 804 427 VI.
1223 355 1264 419 81

119 533 155 593 ut
171 533 369 594 exsuentes
386 533 553 594 ueterem
569 529 755 595 hominem
770 550 851 594 oum
873 531 1044 594 omnihus
1061 530 1207 594 actibus
1229 534 1265 595 et

120 635 437 718 concupiscentiis
454 635 532 698 suis
549 636 755 718 factipascha
771 636 854 699 etin
870 634 1001 698 diebus
1018 637 1173 718 septem,
1197 635 1265 716 qui-

119 737 178 802 hus
195 742 250 803 aut
265 740 428 803 inchoatur
440 739 576 803 mundus
593 743 647 804 aut
663 740 766 823 agitur
782 743 837 803 aut
852 739 968 820 linitur,
985 740 1064 803 sine
1079 740 1264 803 fermento

118 844 200 908 idest
224 845 290 907 sine
313 845 388 908 uitio
420 844 586 908 sinceres
615 845 698 909 idest
728 845 845 928 azymi
877 847 908 908 et
936 843 1045 908 diebus
1076 845 1192 908 saeculi
1221 844 1265 907 nil

92 948 280 1029 adebentes,
315 952 461 1012 naturam
490 949 523 1012 in
550 949 640 1013 uobis
671 949 720 1012 dei
747 949 957 1013 custodientes
989 952 1021 1012 et
1049 949 1153 1031 legem
1183 948 1265 1012 idest

119 1071 212 1117 carne
228 1053 345 1117 domini
360 1050 514 1139 uiuallmus
533 1057 564 1117 et
579 1042 741 1137 sanguiue,
764 1057 809 1135 nt,
833 1071 905 1117 cum
922 1053 1044 1117 uenerit
1066 1055 1097 1116 in
1113 1053 1260 1116 iudicium
1287 1060 1346 1114 111

119 1158 206 1238 (leue,
230 1158 310 1221 sicut
331 1158 364 1221 iu
388 1158 566 1241 apocalypsi
588 1159 703 1241 legitis,
734 1176 796 1222 non
820 1177 998 1222 numerus
1030 1158 1175 1221 bestiae
1205 1176 1263 1220 nec

119 1281 244 1326 mesura
261 1263 377 1326 saeculi
394 1263 502 1342 simus,
521 1262 586 1342 sed,
602 1262 634 1324 in
648 1262 761 1344 quibus
775 1263 869 1326 etiam
881 1262 1086 1327 Iohannem
1102 1263 1262 1326 fleuisse

118 1367 222 1450 legitis
239 1367 275 1430 de
293 1367 454 1450 signatis
479 1368 689 1450 signaculis
714 1370 871 1450 septem,
895 1368 984 1430 uelut
1006 1367 1085 1430 liher
1106 1366 1262 1430 doctrinae

79 1496 104 1534 ιο
120 1472 261 1535 caelestis
285 1470 457 1535 habeamur
488 1475 519 1535 et
541 1472 641 1535 inter
671 1471 864 1534 duodecim
895 1471 999 1534 milia
1029 1471 1263 1553 signatorum

118 1576 417 1657 patriarcharum
447 1577 587 1639 numeris
615 1575 784 1657 mancipati
807 1593 877 1639 non
908 1594 1086 1638 numerus
1118 1575 1262 1638 hestiae

102 1662 181 1743 ¹sed
204 1699 379 1743 mensura
405 1681 566 1744 hominis
590 1680 673 1761 quod
696 1683 745 1743 est
767 1680 897 1762 angelus
921 1698 1148 1762 nuncupemur,
1179 1680 1263 1743 adin·

117 1786 201 1866 pleto
224 1786 306 1865 quod
329 1785 473 1849 dominus
496 1786 528 1848 in
552 1786 737 1868 euuangelio
766 1786 822 1848 ait:
848 1781 852 1870 l
876 1785 951 1847 filii
977 1785 1088 1848 huius
1120 1784 1263 1848 saeculi

117 1889 264 1953 nubunt
276 1892 310 1953 et
326 1889 527 1970 nubuntur,
543 1893 726 1972 generant
742 1893 778 1953 et
793 1892 1033 1972 generantur,
1049 1890 1124 1953 filii
1139 1893 1262 1954 autem

79 2018 104 2057 15
119 1993 175 2056 dei
191 2012 308 2074 neque
321 1993 466 2058 nubunt
481 1995 933 2075 nequcnubunturneque
949 1998 1261 2078 generantneque

117 2101 354 2180 generantur,
378 2100 442 2162 sed
465 2099 609 2163 similes
633 2103 721 2163 sunt
743 2099 888 2182 angelis
913 2099 979 2163 dei.

223 2261 548 2326 1001.3‚9;Gal.5‚24.
586 2264 670 2330 2sqq.
685 2259 718 2315 cf.
731 2261 813 2315 Exod.
829 2261 960 2330 12,15;1.
975 2261 1032 2315 Cor.
1047 2265 1071 2325 5,
1084 2264 1107 2317 8.
1149 2261 1259 2331 7Apoc.
1318 2332 1321 2339 ¹

119 2352 158 2412 13,
170 2352 209 2404 18.
263 2349 325 2404 Scf.
339 2348 420 2418 Apoc.
434 2353 458 2412 5,
471 2352 495 2403 4.
511 2353 533 2404 1.
589 2352 621 2405 10
639 2348 720 2417 Apoc.
735 2353 758 2413 7,
772 2352 848 2404 4-8.
905 2352 935 2404 11
954 2349 1035 2418 Apoc.
1051 2351 1092 2413 13,
1106 2351 1205 2413 18;21,
1220 2353 1259 2405 17.

118 2439 150 2491 13
168 2436 231 2489 Luc.
245 2439 286 2500 20,
300 2439 411 2492 34-36.

223 2588 253 2640 11
273 2585 498 2654 patriarcharum]
518 2584 551 2638 cl.
571 2584 643 2638 infra
664 2585 756 2639 Oresti
774 2601 912 2653 common,
932 2602 952 2639 c.
965 2588 990 2639 2.

162 2779 175 2831 1
197 2759 420 2845 exsllhrxffil
437 2778 476 2830 ita
494 2777 559 2841 cod,
580 2776 613 2830 cs.
627 2780 698 2841 88,3
812 2732 928 2835 ΑίῐΙῦΞυ
1016 2779 1031 2830 5
1053 2775 1164 2844 1101118]
1186 2776 1260 2830 nolui

741 2892 749 2938 Ι

117 2938 220 2987 mutae
238 2935 267 2986 in
287 2945 399 2994 socors
488 2939 503 2990 7
523 2889 949 3018 npo'calrpselecuffioro,
967 2933 1038 3002 edo
1053 2935 1130 3016 pse)
1147 2933 1193 2988 lin.
1208 2933 1258 2987 del.

117 3072 331 3170 Sm'dsunh,
357 3101 376 3152 ε
399 3092 427 3144 in
446 3108 539 3160 marg,
559 3090 768 3153 cf.Brambach‚
788 3091 864 3145 Orth.
882 3093 971 3159 paor
1071 3094 1104 3146 13
1123 3050 1219 3173 ᾳυῗδ,
1250 3102 1256 3148 Ι

116 3246 161 3300 lin.
185 3248 306 3315 pertenui
334 3247 384 3300 del.
492 3251 524 3302 ll
553 3230 717 3309 roc'uerot
824 3251 855 3304 15
885 3204 1054 3326 ΝϋῦἕΝῐ,
1085 3257 1104 3308 ε
1131 3248 1177 3300 lin.
1207 3245 1257 3300 del.

118 3354 150 3406 ro
169 3345 302 3410 similas
339 3333 1258 3435 -oilpnunaamos'exouaucupa-'pompsalmia

166 4416 241 4459 XVIII·
256 4416 350 4458 Priscill.
