2896 4808
579 889 972 1008 PltlSClllllNl

393 1141 528 1225 anan
554 1143 616 1224 ln
644 1142 870 1226 nmlsun
896 1142 1157 1227 arrscoruu.

48 1332 195 1469 precingi.
247 1405 316 1469 lltsi
343 1405 498 1469 catholica
523 1405 600 1470 fides
628 1407 693 1470 dati
719 1426 774 1488 per
802 1408 896 1470 deum
929 1407 1063 1490 Slmb⁰li
1094 1410 1153 1472 ster
1183 1410 1348 1491 P⁰SSid⁰nS

204 1510 349 1573 credendi
374 1510 508 1594 gloriam
530 1511 634 1595 potius
658 1512 776 1594 expetit
796 1530 890 1593 quam
916 1512 1073 1593 loquendi,
1098 1514 1247 1595 quoniam
1269 1533 1350 1595 quac

203 1615 336 1679 ueritate
360 1615 409 1678 sui
431 1616 521 1679 enixa
545 1619 618 1679 sunt
640 1616 888 1699 interpraetandi
909 1617 1071 1700 ingenium
1092 1635 1155 1681 non
1174 1619 1379 1700 requirunt‚⁵

204 1719 324 1783 dicente
353 1721 508 1803 apostolo:
540 1721 805 1785 contentiones
834 1721 930 1804 legis
960 1722 1102 1801 deuita‚
1133 1726 1240 1786 tamen
1270 1727 1352 1787 tem-

203 1825 287 1907 poris
310 1825 496 1888 necessitate
520 1828 661 1908 cogente,
685 1844 780 1907 quam
810 1824 900 1889 nobis
927 1827 1072 1910 inrogata
1098 1846 1153 1909 per
1175 1827 1352 1910 Hydatium

204 1929 384 2012 episcopum
401 1929 540 2012 inposuit
555 1930 679 2009 iniuria,
700 1930 774 1993 lieet
791 1948 914 2012 semper
933 1931 1104 2012 patientiae
1124 1935 1230 2014 partes
1251 1933 1352 1997 secuti

204 2032 302 2096 simus
330 2034 486 2116 fueritque
513 2035 546 2098 in
571 2035 673 2098 studio
698 2034 853 2098 sustinere
875 2035 979 2116 potius
1005 2035 1142 2117 aliquem
1164 2054 1260 2117 quarn
1283 2056 1352 2101 mo-

203 2156 286 2218 uere,
310 2139 506 2222 gratulamur
530 2139 574 2202 sic
596 2158 702 2202 rerum
724 2140 850 2203 uenisse
874 2139 1038 2220 rationem,
1063 2143 1098 2204 ut
1122 2141 1203 2223 apud
1226 2144 1268 2222 te,
1296 2142 1352 2223 qui
1367 2154 1392 2193 1⁰

204 2242 306 2306 senior
322 2243 464 2306 omnium
480 2247 623 2308 nostrum
640 2263 672 2307 cs
690 2247 722 2307 et
738 2244 776 2307 ad
793 2245 982 2327 apostolicae
999 2245 1080 2308 sedis
1096 2246 1229 2328 gloriam
1244 2247 1330 2309 uitae
1345 2244 1349 2331 1

203 2347 424 2430 experimentis
455 2349 593 2412 nutritus
624 2347 717 2412 beato
747 2349 842 2413 Petro
870 2349 1067 2413 exhortatore
1097 2350 1223 2430 uenisti,
1252 2353 1351 2432 quod

203 2452 390 2516 credimus
415 2457 450 2517 et
470 2453 681 2535 loquamur,
710 2453 907 2536 adinplcntes
932 2455 1014 2537 apud
1038 2457 1069 2518 tc
1093 2455 1257 2537 apostolici
1285 2475 1351 2520 ser-

202 2556 1351 2640 monisfidemdiccntiszcordceredituradiustitiam‚oreautem

202 2662 391 2726 confessio
419 2662 467 2726 fit
490 2663 533 2726 ad
557 2663 727 2727 salutem.
768 2662 806 2726 In
837 2681 898 2745 quo
929 2666 960 2728 et
991 2682 1062 2744 nos,
1094 2662 1281 2747 baptizati
1311 2665 1350 2730 in
1364 2681 1390 2721 1⁵

202 2766 354 2832 Christo
375 2766 569 2832 Christum
592 2768 809 2847 induentes,
834 2771 865 2832 ct
881 2768 975 2831 fidem
999 2769 1065 2832 ucri
1088 2769 1256 2853 multiplici
1279 2771 1349 2851 qui-

202 2871 273 2934 dem
296 2872 499 2954 dispositione
523 2871 692 2936 sublimem
716 2873 771 2936 scd
795 2873 885 2937 unita
905 2873 998 2937 unius
1015 2873 1065 2936 dei
1080 2877 1237 2956 potestate
1253 2893 1349 2938 uene-

201 2975 344 3057 rabilem,
370 2976 452 3040 sicut
471 2978 561 3040 corde
578 2976 745 3058 credimus,
767 2978 812 3041 ita
828 2978 866 3040 ad
882 2978 1024 3042 omnium
1041 2978 1176 3042 salutem
1191 2978 1245 3060 qui
1260 2979 1348 3043 falsi-

201 3081 305 3162 loquio
318 3100 500 3145 sermonum
512 3081 545 3145 in
561 3082 745 3146 scandalum
762 3082 852 3145 missi
868 3086 942 3146 sunt
958 3082 1152 3146 confitemur.
1176 3082 1260 3146 Nam
1275 3102 1347 3147 cum

202 3189 274 3250 ante
298 3186 462 3269 conplures
479 3205 577 3250 annos
601 3187 667 3250 uiui
690 3187 807 3250 lauacri
827 3187 1063 3272 regeneratione
1079 3189 1215 3270 reparati
1230 3191 1262 3252 et
1282 3207 1347 3252 sor·
1361 3202 1388 3241 20

305 3379 321 3432 6
334 3376 385 3430 Tit.
400 3378 423 3440 3,
437 3378 466 3440 9;
485 3376 518 3430 ef.
532 3376 616 3431 Prisc.
630 3392 686 3430 ean.
697 3376 808 3432 XXVII.
865 3379 897 3433 12
917 3376 950 3431 ef.
963 3378 999 3430 Π.
1015 3376 1075 3432 Cor.
1088 3378 1113 3442 4,
1128 3380 1168 3434 13.
1224 3380 1256 3434 14
1269 3377 1345 3431 Rom.

202 3466 242 3528 10,
254 3466 293 3519 10.
350 3467 381 3520 15
395 3462 453 3519 Gal.
465 3465 489 3528 3,
501 3466 541 3519 27.

254 3624 266 3676 1
287 3621 348 3675 Uid.
368 3621 591 3691 subscriptionem
610 3624 741 3676 tractatus
759 3622 847 3691 primi.
869 3651 900 3660 -
920 3622 960 3675 Dc
978 3622 1015 3675 eis
1035 3636 1101 3689 quae
1120 3622 1149 3675 in
1166 3621 1217 3676 hoc
1229 3624 1346 3676 tractatu

200 3712 344 3763 occurrunt
370 3708 522 3762 nominibus
549 3708 672 3778 propriis,
700 3709 775 3762 uelut
803 3708 834 3762 de
858 3710 973 3763 Damaso
996 3708 1114 3777 Hydatio
1137 3708 1347 3777 Caesaraugusta

200 3795 307 3864 Hygino
331 3795 489 3865 Syrnphosio
512 3796 747 3850 Hemeretensilrus
770 3795 912 3850 Ambrosio
935 3795 989 3849 uid.
1013 3795 1057 3849 nel
1079 3796 1168 3865 potius
1187 3811 1247 3865 opp.
1267 3798 1346 3866 Salpe.

201 3884 339 3944 Sacerdos.
358 3885 448 3938 clarore.
462 3885 504 3952 11,
517 3888 552 3938 47
564 3901 618 3953 sqq.
638 3886 665 3937 ct
682 3882 803 3936 libellum
822 3886 952 3947 nostrum,
972 3898 1051 3951 quem
1070 3900 1150 3952 supra
1167 3883 1200 3936 ad
1218 3901 1243 3953 p.
1259 3886 1299 3948 17,
1313 3887 1346 3940 29

200 3970 475 4024 commemorauimus.
506 3970 540 4023 In
564 3970 684 4038 margine
708 3970 841 4039 superiore
863 3970 985 4026 1011141Ι
1005 3986 1171 4024 manusaeo.
1190 3971 1259 4025 VIII
1283 3972 1347 4025 satis

200 4057 261 4110 rudi
278 4057 343 4112 haec
366 4058 495 4126 inscripta
518 4060 592 4111 sunt:
616 4057 681 4126 ‘pro
706 4057 879 4111 elimosina
904 4056 1042 4120 eecone';
1065 4057 1120 4110 uid.
1139 4057 1222 4126 praef.
1242 4074 1298 4127 cap.
1318 4059 1347 4112 Π

199 4164 216 4217 3
236 4151 332 4243 fidis,
355 4174 433 4224 {erl
453 4178 518 4215 corr.
591 4165 606 4216 7
627 4151 815 4244 quamfliss,
836 4162 894 4231 syll.
913 4172 970 4221 [tls
991 4178 1065 4214 erasa
1084 4164 1110 4215 et
1128 4162 1236 4230 punctis
1255 4179 1344 4231 super-

199 4249 292 4318 positis
312 4250 361 4304 del.
