2896 4808
556 367 724 419 tractatus
742 366 774 420 X.
1195 346 1238 412 95

94 523 133 586 ad
163 523 258 586 fidem
288 526 342 586 aut
363 527 507 606 pugnant
537 528 592 588 aut
622 524 822 588 dominantur
852 525 886 587 in
916 523 1005 587 nobis
1037 523 1237 587 tribulatione

93 627 295 691 formidinum
317 646 373 691 seu
397 628 570 693 adolatione
598 628 746 710 felicium,
768 626 831 710 lut>
853 647 945 710 qnae
969 628 1236 692 distrucnimus

93 733 325 797 instruentes
341 733 381 796 ad
404 751 440 796 ea
455 733 569 815 quibus
592 734 841 797 renuntiauimus
862 736 1067 814 reuertamur,
1091 733 1238 814 quoniam

94 838 172 901 nihil
201 838 333 901 interest
364 838 496 919 diabolo,
526 842 635 902 utrum
664 842 751 903 metu
780 839 936 902 malorum
966 856 1005 901 an
1036 837 1238 921 persuasione

68 942 232 1006 ⁵felicium
249 942 402 1006 alienatae
419 943 510 1005 adeo
526 944 610 1007 uitae
628 944 775 1027 peccati
791 942 936 1008 occasio
953 945 984 1006 et
999 943 1130 1006 materia
1149 960 1238 1024 prae-

95 1050 204 1127 stetur,
235 1047 296 1110 nisi
319 1048 402 1129 quod
431 1048 494 1110 iam
518 1048 551 1111 in
574 1047 808 1130 captiuitatibus
833 1046 948 1111 nostris
978 1046 1168 1110 tolerabilior
1191 1049 1240 1109 est

95 1153 286 1217 consuetudo
317 1153 515 1216 miseriarum
542 1171 638 1234 quam
660 1153 751 1215 ruina
773 1152 921 1233 felicium,
950 1152 1071 1215 dicente
1094 1152 1132 1214 de
1152 1147 1161 1236 ll
1179 1150 1238 1214 hoo
1263 1159 1322 1214 129

95 1256 229 1339 profeta:
255 1256 338 1320 audi
354 1276 419 1336 me,
435 1258 596 1340 populus
612 1276 726 1337 meus,
743 1257 918 1338 quoniam
933 1255 1031 1320 sicut
1047 1258 1239 1319 exactores

95 1361 215 1425 uestri
245 1361 562 1425 circumscribunt
588 1379 664 1442 uoS,
694 1362 806 1425 itaet
835 1361 897 1442 qui
919 1360 1145 1425 beatificant
1173 1377 1238 1422 uos

56 1489 82 1527 ιο
96 1466 280 1530 seducunt
296 1484 371 1547 uos,
394 1469 435 1529 ut
450 1466 605 1530 semitas
621 1466 756 1549 pedum
775 1468 987 1530 uestrorum
1003 1464 1238 1528 conturbent.

138 1571 179 1634 nt
193 1570 261 1634 ideo
277 1571 381 1634 Dauid
397 1574 523 1635 sanctus
540 1571 694 1635 titulum
709 1571 846 1654 psalmi
858 1571 904 1658 in
927 1570 1134 1633 doctrinam
1158 1588 1240 1632 con-

96 1693 288 1739 uersorum
304 1675 420 1758 positi
435 1679 518 1759 post
535 1676 704 1739 deuictas
722 1676 811 1738 duas
825 1674 951 1757 Syrias
967 1676 998 1737 in
1016 1675 1240 1738 exultationem

96 1779 288 1843 triumfantis
312 1780 440 1861 inducit,
464 1782 508 1861 ut,
532 1781 585 1862 qui
607 1781 736 1844 titulum
758 1780 873 1863 psalmi
896 1780 930 1843 in
952 1780 1125 1843 doctrinam
1147 1779 1242 1862 positi

97 1887 128 1947 et
150 1885 392 1966 gratulationem
414 1885 517 1948 Dauid
544 1885 625 1948 inter
648 1884 733 1948 bella
756 1885 868 1948 saluati
891 1884 923 1947 in
952 1885 1147 1948 intellectum
1170 1901 1240 1967 pro-

57 2013 82 2051 15
95 1988 179 2052 fetici
202 1991 355 2053 sermonis
379 1986 580 2074 agnoscebat,
604 1990 727 2053 diuinae
750 1989 983 2071 intellegentiae
1006 2007 1084 2072 opus
1108 1989 1240 2052 moliens

97 2095 128 2156 et
142 2095 342 2157 uoluntatum
365 2113 493 2158 suarum
508 2094 541 2157 in
565 2113 599 2157 se
621 2094 731 2158 uidens
747 2092 833 2157 bella
854 2094 1010 2156 humanae
1026 2092 1240 2157 inbecillitatis

95 2202 257 2281 respueret
279 2218 398 2263 errores
422 2202 454 2262 et
476 2199 552 2262 duas
569 2197 673 2281 Syrias
697 2200 756 2263 hoc
776 2201 824 2262 est
847 2198 907 2262 duc
922 2198 1139 2281 peccaminum
1155 2198 1241 2281 prin·

96 2303 186 2386 ciple,
217 2304 299 2385 quod
322 2305 405 2367 aliud
434 2304 531 2367 animi
555 2303 639 2367 aliud
669 2303 805 2387 corporis
829 2303 929 2367 officio
960 2304 1051 2367 datur
1081 2304 1241 2366 saeculare

96 2408 213 2490 aliquid
242 2409 324 2472 uelle
354 2410 407 2473 uel
436 2409 549 2490 facere,
581 2408 748 2473 deuincens
779 2408 944 2488 indutus,
976 2408 1057 2471 sicut
1088 2407 1240 2471 scribtum

57 2536 83 2574 20
97 2515 154 2592 est,
185 2512 277 2576 fidei
300 2514 412 2577 armis
436 2514 584 2578 uitiorum
608 2516 716 2596 ageret
738 2512 934 2596 triumphum
957 2515 988 2576 ct
1018 2512 1178 2576 dedicatae
1207 2513 1240 2576 in

98 2615 220 2681 Christo
237 2617 480 2682 conuersationis
502 2617 846 2681 inmarcescibilem
868 2634 1040 2681 coronam
1062 2618 1150 2681 uelut
1172 2617 1240 2697 qui-

95 2721 230 2786 busdam
253 2722 390 2787 uictricis
414 2723 544 2787 militiae
568 2722 730 2806 stipendiis
754 2726 938 2803 mereretur,
960 2719 970 2807 ll
993 2723 1139 2804 quoniam
1161 2722 1239 2785 haec
1264 2729 1324 2784 130

96 2827 226 2909 perlecti
254 2827 328 2892 boni
350 2829 449 2911 gloria
471 2831 529 2908 est,
560 2828 597 2908 si,
629 2829 709 2892 sicut
740 2827 893 2892 scribtum
917 2830 974 2907 cst,
1006 2826 1239 2890 castificatio

97 2932 265 3014 corporis
281 2934 379 3015 pretio
396 2933 544 2996 excolitur
559 2932 783 2997 uoluntatis.
800 2933 943 3014 Denique
960 2931 1034 2994 dum
1046 2931 1151 2994 nullus
1165 2934 1240 3013 aput

57 3060 83 3100 25
97 3054 153 3099 nos
180 3036 310 3101 infinitis
337 3037 407 3101 finis
439 3040 541 3102 estet
567 3037 626 3100 fixo
653 3037 686 3101 in
708 3037 863 3101 lubricum
886 3054 995 3119 gressu
1026 3036 1154 3100 modum
1177 3053 1240 3098 non

200 3157 403 3221 addulam.
440 3158 692 3221 seracusam.
729 3157 878 3221 ansam.
917 3155 1122 3220 llcf.Ps.59‚1.
1163 3156 1239 3212 leof.

97 3246 174 3300 Rom.
186 3248 226 3310 13,
238 3246 398 3314 12;Eph.o‚
410 3248 440 3302 11
455 3261 511 3313 sqq.
556 3249 589 3301 21
603 3246 625 3300 Ι.
638 3246 710 3299 Patr.
722 3249 745 3308 5,
756 3247 780 3300 4.
825 3247 860 3299 23
873 3243 948 3314 cast]
962 3243 996 3298 cf.
1009 3259 1091 3311 supra
1101 3259 1127 3312 p.
1141 3246 1183 3308 72,
1199 3246 1239 3307 16,

97 3334 142 3386 sed
162 3336 253 3387 nostro
270 3333 329 3387 loco
350 3325 538 3393 υοΙυΝτΑε
556 3348 604 3402 pro
625 3325 801 3417 Uoluptas
820 3331 949 3400 scriptum
968 3347 1024 3384 esse
1042 3330 1158 3384 uidetur.

57 3531 59 3536 ,
142 3477 155 3528 1
174 3455 474 3557 ρυςΝΑιΝῖΙῖΑυῖ,
491 3475 548 3526 erat
562 3454 732 3557 peremit,
753 3470 849 3524 deinde
870 3481 921 3529 Νῖ
938 3470 968 3524 in
986 3486 1070 3538 marg.
1090 3469 1160 3523 affin.
1179 3472 1241 3528 etr

96 3578 365 3646 (insumendo.
419 3570 661 3638 sarculationis
726 3579 804 3636 aur
822 3575 897 3629 deest
954 3558 1240 3654 autumatione

100 3738 143 3804 re)
159 3735 206 3790 nn.
220 3735 271 3789 del.
360 3673 623 3812 claudinum,
644 3745 669 3794 a
687 3735 725 3802 (in
744 3723 801 3801 ba)
818 3734 864 3786 nn.
888 3731 939 3785 der.
1028 3734 1044 3787 5
1063 3724 1240 3794 altercare

98 3831 389 3920 orolleuacrbon,
408 3840 482 3909 prior
507 3834 573 3907 lon
587 3831 661 3906 roll)
677 3839 724 3893 lin.
745 3839 794 3892 del.
879 3841 894 3892 ‘r
914 3826 1153 3916 comsurrebo,
1180 3849 1191 3897 r
1210 3853 1240 3889 ex

100 3957 107 4004 ι
128 3962 194 3999 corr.
266 3948 282 4001 9
303 3954 456 4024 cessare,
477 3954 496 4003 s
514 3945 552 4013 (in
573 3945 638 4011 aas)
655 3943 702 3997 nn.
722 3943 773 3997 del.
863 3945 893 3999 11
919 3933 1087 4027 psalmat,
1113 3958 1167 3994 una
1186 3941 1239 3997 litt.

98 4067 163 4104 eres.
219 4038 638 4129 reciprocatorum.
694 4051 726 4104 19
746 4030 968 4135 occultante,
1022 4028 1238 4131 aopaacbro,

97 4165 123 4214 Α
146 4154 193 4208 lin.
213 4155 262 4210 dcl.
296 4224 312 4236 .
348 4158 382 4211 25
403 4162 594 4237 ΙΝβΝΙῖΙΞ,
625 4155 681 4206 crat
710 4165 799 4236 prro,
828 4152 874 4207 sed
902 4163 1029 4235 ιΝμΝ·
1057 4152 1155 4205 manl
1174 4168 1239 4206 corr.

152 4255 321 4371 ΙυῦκΙῙω,
338 4277 393 4353 clf·
410 4295 438 4348 in
458 4311 541 4362 marg.
562 4311 632 4348 man.
646 4294 668 4358 I,
687 4309 747 4362 opp.
766 4297 846 4362 p.57‚
861 4296 893 4348 18
