2896 4808
641 355 808 406 tractatus
826 350 858 404 X.
1277 333 1317 397 97

174 512 207 572 et
219 508 388 592 repudiatis
400 509 545 573 omnibus
557 526 711 591 quorum
724 510 814 573 fluis
830 528 927 574 mors
944 515 1001 574 ost
1013 514 1046 574 et
1056 511 1088 574 in
1100 510 1212 592 quibus
1226 511 1319 574 corri-

174 613 259 696 pitur
282 615 420 694 edoctuS,
443 617 546 677 totum
570 634 604 678 se
627 614 745 678 debens
768 615 836 694 deo,
862 615 963 679 factus
987 616 1054 697 ipse
1076 615 1158 697 quod
1177 616 1318 697 psalmus

174 721 223 781 est
245 719 276 781 in
301 719 524 782 exultationem
543 719 718 800 psalmidici
741 720 894 782 seimonis
910 720 1042 784 intraret
1064 720 1186 783 dicente
1202 719 1318 782 Dauid:

173 823 278 903 deus,
302 824 478 905 repulisti
501 841 565 887 nos
590 827 627 888 et
649 824 875 904 distraxisti,
898 826 1018 888 iratus
1035 844 1073 888 es
1090 828 1126 888 et
1141 824 1319 887 misertus

145 947 213 991 aes
237 928 367 992 nostri.
412 928 450 990 In
472 946 534 1009 quo
558 932 664 992 tamen
688 946 832 992 sermono
856 928 971 1011 psalmi
993 929 1076 992 ultra
1099 928 1250 992 naturalis
1273 929 1320 991 in-

173 1033 374 1115 tellegentiae
397 1051 526 1096 sensnm
542 1052 631 1096 mens
655 1033 804 1096 addeum
827 1050 979 1096 conuersa
993 1033 1177 1114 prouehitur
1200 1037 1232 1096 et
1252 1034 1321 1097 uni-

173 1138 285 1218 cuique
300 1136 498 1220 intellegenti
521 1156 554 1200 se
571 1138 767 1219 incorruptae
790 1136 992 1201 beatitudinis
1011 1157 1067 1219 per
1089 1138 1166 1200 haec
1182 1135 1320 1222 camlpus

174 1242 320 1324 aperitur.
351 1241 445 1304 Libet
467 1242 553 1305 enim
575 1242 634 1305 hoc
656 1242 723 1305 loco
745 1242 778 1304 in
801 1242 858 1304 tali
873 1260 1017 1305 sermone
1040 1242 1155 1323 psalmi
1169 1242 1320 1305 aduersus

174 1346 288 1410 diaboli
318 1346 495 1410 insidiantis
526 1346 659 1410 astutius
689 1345 787 1410 libera
817 1347 930 1410 saluati
963 1346 996 1408 in
1026 1345 1151 1411 Christo
1185 1346 1320 1409 homiuis

134 1472 160 1511 ro
174 1468 250 1513 uoce
266 1452 417 1514 clamare:
441 1451 504 1514 ubi
520 1454 586 1530 est,
610 1469 718 1530 mors,
742 1450 895 1513 aculeus
912 1453 1023 1514 tuns?
1046 1449 1108 1513 ubi
1124 1455 1191 1530 est,
1212 1469 1320 1531 mors,

173 1555 334 1618 uictoria
357 1557 441 1619 tua?
476 1573 548 1618 ecce
571 1554 671 1634 deus,
695 1554 778 1617 dum
802 1554 967 1636 corripit,
991 1554 1118 1636 diligit
1141 1558 1173 1617 et
1196 1554 1321 1617 erudit

173 1658 278 1742 potius
293 1659 413 1741 peccati
433 1659 590 1742 agnitione
613 1676 707 1739 quam
730 1659 849 1740 plectit,
873 1661 914 1738 et,
938 1676 1010 1720 cum
1033 1658 1094 1722 alia
1117 1662 1172 1722 tua
1195 1677 1256 1722 non
1281 1660 1322 1721 sit

174 1767 295 1843 natura,
327 1764 386 1826 nisi
416 1768 471 1827 aut
501 1763 533 1826 in
559 1763 680 1845 peccati
710 1763 794 1825 mala
816 1779 926 1845 cogere
958 1765 1013 1825 aut
1035 1767 1107 1845 post
1136 1781 1320 1844 percussum

173 1873 300 1950 captum
324 1886 445 1932 ueneno
466 1869 497 1931 in
521 1887 558 1931 ea
580 1886 660 1949 quae
676 1869 742 1950 ipse
765 1868 958 1950 persuaseris
973 1886 1173 1950 perunguere,
1197 1866 1320 1931 Christo

135 1994 160 2033 ra
174 1972 305 2036 docente
328 1972 545 2056 cognoscimus
574 1972 656 2054 quod
687 1971 836 2055 baptizati
863 1972 895 2035 in
919 1971 1053 2051 Christo,
1076 1969 1085 2056 ll
1107 1990 1180 2034 cum
1209 1971 1242 2033 in
1271 1972 1320 2034 his
1347 1984 1406 2037 133

176 2081 355 2158 quaesunt
384 2078 442 2140 deo
466 2077 568 2140 aliena
595 2076 786 2156 distruimur,
816 2077 848 2138 in
872 2093 1011 2157 eaquae
1034 2079 1109 2139 sunt
1139 2076 1228 2139 nobis
1251 2093 1322 2158 pro-

174 2181 243 2262 pria
265 2182 512 2246 reformamur
535 2185 568 2244 et
583 2181 665 2262 quod
680 2200 796 2262 usquo
812 2182 855 2244 ad
871 2180 989 2244 finem
1003 2180 1206 2262 peccantibus
1222 2197 1322 2262 poena

175 2289 225 2349 est
240 2288 273 2349 et
291 2286 450 2349 conuersis
474 2284 564 2349 nobis
587 2286 618 2348 in
639 2285 868 2368 redarguitiono
892 2285 1032 2348 doctrina
1054 2289 1113 2364 est,
1136 2285 1203 2367 ipso
1219 2285 1322 2347 Dauid

174 2390 311 2454 dicente:
335 2391 417 2472 quis
441 2391 578 2454 similis
602 2391 681 2472 tibi,
706 2390 873 2456 domine?
897 2391 983 2472 quia
1005 2391 1209 2454 ostendisti
1233 2390 1323 2452 mihi

134 2493 443 2558 cotribulationes
475 2498 512 2558 et
539 2512 760 2559 conuersum
783 2495 985 2559 uiuificans
1010 2495 1171 2558 docuisti
1194 2513 1260 2574 me,
1291 2497 1323 2556 et

174 2600 290 2663 iterum
317 2600 426 2663 Eseias
457 2601 514 2663 ait:
546 2600 704 2680 domine,
735 2600 771 2662 in
800 2602 906 2662 utero
937 2599 1148 2681 accepimus
1180 2601 1216 2662 et
1242 2616 1322 2681 par-

176 2703 376 2768 turiuimus
397 2704 572 2786 spiritum
596 2705 732 2774 salutis
756 2722 862 2785 quom
886 2703 1023 2767 dedisti
1046 2722 1156 2786 super
1173 2706 1320 2766 terram.

174 2806 213 2870 In
237 2825 298 2889 quo
320 2808 465 2889 quamuis
489 2826 546 2872 nos
567 2808 627 2891 ipsi
642 2809 811 2891 probemus
827 2808 860 2871 in
876 2807 975 2888 notio,
996 2807 1096 2888 qualis
1121 2826 1190 2870 esse
1207 2803 1211 2891 Ι
1229 2806 1322 2869 homo

175 2909 290 2975 debeat
311 2913 365 2993 qui
387 2913 419 2976 in
443 2929 559 2976 nouam
582 2913 779 2976 natiuitatem
805 2932 870 2994 per
892 2912 1006 2976 fidem
1029 2912 1162 2974 uiuens
1194 2929 1322 2973 sensum

135 3041 161 3080 en
176 3033 267 3080 snum
284 3016 323 3079 ad
344 3034 381 3079 ea
403 3035 483 3098 quae
499 3017 549 3080 dei
572 3016 767 3081 substantiae
784 3020 859 3080 sunt
881 3017 975 3099 digna
991 3015 1180 3094 moderetur,
1204 3018 1321 3093 tamen,

175 3124 211 3184 nt
234 3121 461 3185 scribturarum
484 3122 643 3203 dispositio
667 3122 706 3185 ad
733 3121 982 3203 intellegentiam
1006 3123 1145 3184 nostram
1168 3119 1322 3181 factorum

177 3225 328 3307 exemplis
340 3229 503 3308 tamquam
519 3225 705 3308 incorruptis
722 3225 907 3289 testimoniis
922 3227 1063 3287 uteretur
1079 3227 1111 3285 et
1126 3221 1323 3285 caritatem

177 3329 234 3393 dei
258 3330 520 3395 commendans
544 3330 580 3394 in
598 3329 706 3393 nobis
723 3331 958 3412 conpugnantes
974 3346 1078 3392 rorum
1096 3327 1276 3390 mortalium
1292 3327 1322 3387 in

283 3563 349 3618 Iol.
363 3563 439 3615 Rom.
455 3565 478 3626 6,
492 3565 533 3617 21.
592 3563 671 3617 4Ps.
685 3565 727 3626 59,
740 3565 764 3616 3.
825 3560 1081 3624 londoniam.
1141 3563 1171 3615 ll
1192 3559 1269 3627 deus]
1289 3558 1322 3611 of.

176 3649 258 3702 Hebr.
274 3652 314 3713 12,
326 3651 349 3704 6.
366 3653 405 3705 10.
461 3652 492 3704 17
512 3649 544 3702 cf.
558 3649 579 3702 I.
593 3648 652 3703 Cor.
668 3652 690 3713 l,
704 3653 728 3705 8.
742 3651 788 3711 28;
808 3648 866 3703 Gal.
879 3650 903 3712 2,
919 3651 963 3710 l8;
981 3649 1025 3701 Ps.
1044 3650 1085 3711 59,
1101 3651 1122 3703 l.
1179 3649 1211 3702 19
1223 3647 1267 3699 Ps.
1281 3649 1323 3708 70,

178 3738 329 3792 locoru
384 3738 415 3791 21
435 3736 534 3800 usco,
549 3739 588 3794 18.
643 3737 677 3790 al
695 3735 728 3789 cf.
743 3736 819 3788 Rom.
835 3738 857 3799 l,
872 3738 903 3790 17
923 3734 955 3787 al.
1010 3734 1260 3797 acclamas.

283 3939 299 3991 5
318 3935 390 3990 ultra
408 3939 461 3990 nat.
481 3936 530 3990 int.
551 3935 630 4005 sons]
649 3935 682 3988 of.
696 3936 805 3989 Hilarii
824 3935 894 3987 locos
913 3934 948 3987 ud
966 3950 992 4002 p.
1006 3937 1048 3997 74,
1063 3936 1096 3988 16
1115 3932 1217 3986 allatos.

222 4167 446 4241 assandas.
530 4149 808 4221 ortosrtrurotes
890 4163 919 4215 11
941 4117 1075 4243 coirrprr
1155 4146 1323 4218 roucourt

181 4256 1078 4346 certiorate,trasumenumeuerriculum.
1116 4264 1326 4349 nlorucrop,

231 4388 306 4429 XVIII.
322 4387 414 4429 Priscill.
1152 4370 1166 4417 7
