2896 4808
510 932 902 1050 PltlSdllllllNl

347 1167 628 1252 rulornros
662 1169 725 1251 sn
760 1169 991 1252 roronon
1023 1171 1067 1253 u.

6 1337 71 1379 treet.
84 1338 122 1379 tol,

52 1418 110 1472 124
179 1408 324 1472 Profetioi
346 1407 476 1471 historia
499 1407 652 1472 sermonis
682 1407 795 1471 diuinis
818 1406 929 1471 inbuta
956 1408 1061 1472 uerbis
1085 1413 1116 1472 et
1142 1429 1287 1491 pronun-

135 1513 242 1577 tiantis
265 1513 348 1577 tituli
371 1513 456 1577 uolut
483 1512 633 1596 propositi
655 1513 802 1576 thematis
825 1517 914 1595 gesta
937 1513 1104 1597 disponens
1126 1533 1190 1579 non
1215 1535 1286 1580 mo·

136 1618 268 1683 moriam
291 1618 470 1682 mortalium
493 1621 681 1700 temporum,
712 1635 791 1699 quae
822 1618 1021 1682 conhiuentia
1047 1619 1184 1683 humano
1208 1640 1285 1685 sen·
1312 1646 1326 1685 ⁵

135 1724 182 1788 sui
217 1723 353 1789 fortuitis
388 1741 513 1806 semper
546 1722 684 1786 motibus
719 1723 750 1785 in
785 1723 902 1804 aliquid
937 1724 1083 1804 existunt,
1117 1728 1285 1807 tamquam

134 1828 174 1892 ad
197 1828 370 1892 doctrinam
399 1826 542 1910 publicae
569 1827 724 1910 opinionis
748 1827 911 1908 eloquitur,
944 1829 999 1892 sed
1020 1828 1159 1892 referens
1189 1834 1285 1912 gesta

135 1951 312 2017 regnorum,
329 1933 403 1996 dum
420 1932 499 1996 alter
514 1932 612 1997 alium
627 1935 663 1995 ut
677 1932 783 1996 ninoat
798 1931 961 2016 inpugnat,
981 1934 1039 1997 hoo
1054 1935 1136 2016 quod
1151 1935 1284 2000 unicum

134 2039 166 2102 in
182 2037 272 2103 nobis
292 2037 435 2120 profotioi
458 2038 560 2119 operis
582 2056 695 2100 munus
712 2040 760 2101 est
776 2037 865 2101 docet
879 2041 951 2120 post
967 2035 1155 2123 euasiolnem
1171 2058 1284 2105 eorum

135 2163 214 2226 quae
237 2145 311 2206 sunt
335 2141 500 2206 inmundo
523 2143 555 2206 in
579 2142 748 2225 cupiditate
764 2143 902 2225 perditas
924 2144 1008 2207 uitae
1023 2143 1104 2207 inter
1126 2146 1174 2207 tot
1195 2144 1284 2209 bella
1300 2171 1326 2210 ro

133 2248 280 2311 uitiorum
296 2247 518 2311 conscientiam
542 2246 580 2311 ab
605 2247 690 2311 omni
706 2248 798 2330 eulpa
820 2247 952 2312 liberam
975 2266 1160 2312 conseruare
1185 2252 1217 2313 et
1236 2251 1284 2314 sio

135 2352 214 2417 tanti
230 2352 368 2416 muneris
385 2352 478 2416 deum
494 2355 719 2435 parentemque
735 2351 848 2416 debere
864 2353 1018 2435 cognosci,
1038 2356 1083 2433 ut,
1107 2353 1160 2435 qui
1176 2372 1282 2435 omno,

134 2457 216 2540 quod
238 2457 359 2539 profeta
381 2457 414 2520 in
437 2457 650 2539 perseeutione
666 2457 815 2521 sustinuit
838 2460 869 2521 et
889 2456 1030 2522 Christus
1054 2458 1129 2521 deus
1152 2459 1185 2522 in
1207 2477 1282 2542 pas-

135 2563 255 2627 sionom
286 2580 376 2626 suam
405 2561 491 2642 nisit,
527 2560 570 2624 ad
601 2561 807 2626 doctrinam
839 2565 1005 2627 nostram
1035 2562 1176 2626 scribta
1210 2583 1281 2628 esse

133 2667 324 2750 cognouerit,
355 2666 424 2730 utili
455 2684 491 2730 ao
521 2667 697 2730 necessaria
724 2667 764 2729 ad
789 2667 1037 2750 intellegendum
1060 2668 1281 2733 mandatorum
1297 2694 1323 2733 15

50 2779 109 2834 125
134 2772 184 2836 uia
200 2771 303 2835 nitens
316 2770 397 2834 inter
408 2773 454 2835 tot
465 2770 673 2854 inexploratas
685 2772 841 2836 humanae
853 2773 936 2835 uit-ae
953 2772 1112 2836 molestias
1129 2776 1161 2836 ot
1176 2768 1185 2857 ll
1199 2773 1282 2837 indi-

133 2894 212 2959 gnas
229 2875 285 2939 deo
301 2874 416 2940 saeculi
436 2874 663 2939 mensurabiles
679 2894 801 2959 pugnas
817 2876 976 2940 lurioam
992 2876 1173 2957 iustitiae,
1197 2895 1281 2941 oon-

134 2981 315 3046 fidentiae
331 2981 487 3063 galeam,
511 2983 656 3044 scutum
673 2981 877 3062 aequitatis
894 2985 935 3062 et,
952 2983 1032 3047 siout
1052 2982 1204 3047 soribtum
1220 2987 1280 3065 est,

134 3086 300 3171 gladium
324 3104 364 3149 ox
391 3087 547 3167 utraque
570 3088 676 3167 parto
703 3089 851 3150 acutum
875 3086 971 3150 diuini
994 3088 1055 3152 oris
1079 3089 1225 3151 adsumat
1248 3092 1280 3152 et

239 3266 408 3323 ncillam.
421 3269 496 3332 15‚4.
534 3265 981 3336 luetluhesss,&Ephous
1019 3272 1051 3326 19
1065 3269 1191 3338 etApoo.
1203 3272 1226 3333 1,
1239 3272 1278 3326 16.
1341 3271 1344 3279 '

237 3436 254 3489 3
272 3432 333 3488 Uid.
353 3448 419 3502 quos
438 3433 518 3487 nitaui
538 3448 618 3502 supra
635 3449 660 3501 p.
675 3435 709 3489 86
727 3433 838 3488 Hilarii
856 3432 935 3488 locos.

176 3613 192 3664 2
215 3608 275 3663 Uid.
299 3607 440 3678 subscript.
464 3607 544 3660 huius
568 3609 699 3660 tractatus
718 3610 745 3660 et
768 3607 910 3677 subsoript.
938 3611 1069 3663 tractatus
1088 3611 1278 3666 antecedentis,

133 3716 149 3769 3
176 3712 258 3766 rrrsrba
284 3721 447 3797 pltofltlct
463 3694 778 3797 —puorxuumtrarxd
805 3716 859 3767 tres
886 3730 978 3767 uersus
1011 3715 1171 3784 complentia
1198 3715 1280 3770 rubro

133 3818 218 3872 coloro
237 3820 343 3871 onorata
360 3820 424 3871 sunt
497 3826 674 3901 puoflttct,
698 3829 708 3878 l
728 3834 758 3870 ex
778 3828 785 3876 1
807 3834 872 3872 corr.
892 3818 983 3887 (rubro
1002 3820 1098 3889 colore)
1173 3822 1190 3875 4
1208 3831 1279 3905 pluo

135 3957 373 4037 mumrla'f'tes
436 3979 451 4032 5
472 3909 724 4054 continetur,
747 3975 825 4043 uon
846 3977 893 4043 υι)
909 3977 955 4031 lin.
975 3976 1026 4031 del.
1098 3980 1131 4034 13
1149 3987 1279 4062 passm

135 4091 345 4203 marsuam]
364 4134 418 4188 uid.
438 4149 518 4203 supra
536 4136 577 4198 39,
593 4136 637 4197 13;
656 4136 698 4198 48,
711 4136 739 4197 7;
758 4136 828 4199 50‚2
848 4133 880 4188 al.
936 4137 967 4191 17
984 4127 1276 4217 memsunuodm,

135 4252 145 4302 ε
165 4258 195 4294 ex
215 4251 222 4298 Ι
239 4239 301 4296 laet.
