2896 4808
571 348 735 400 tractatus
753 346 775 400 Ι.
1223 328 1243 392 9

96 508 133 570 31
155 505 267 588 pedes
296 505 374 568 eius
403 505 499 568 sicut
525 505 603 568 ursi
631 509 665 569 et
693 523 731 569 os
759 506 837 569 eius
866 505 962 569 sicut
992 522 1030 569 os
1057 505 1177 569 leonis
1209 509 1244 570 et

97 611 200 674 dedit
222 611 255 674 ei
278 610 386 673 draco
411 610 534 674 sedem
557 628 660 674 suam
683 615 719 674 et
744 611 923 675 uirtutem
947 628 1058 674 suam.
1105 608 1191 675 Sicut
1213 614 1245 674 et

96 715 211 779 Daniel
234 714 272 778 13
292 715 432 796 hocipso
452 715 509 778 ait:
532 715 705 779 uidebam
730 734 811 779 ecce
835 719 1010 797 quattuor
1032 716 1136 779 uenti
1159 716 1244 779 mit·

96 819 229 884 tebant
250 821 286 883 in
309 838 409 883 mare
432 838 604 904 magnum
632 824 667 884 et
693 824 869 903 quattuor
895 821 1039 885 bestiae
1067 820 1245 885 ascende·

68 925 187 989 ebant
217 925 259 988 13
289 925 381 988 mari
411 925 668 1009 magnitudine
699 926 923 989 alterutrum
954 945 991 988 33
1023 926 1244 989 excedentes

96 1032 133 1094 31
154 1030 374 1112 primacrat
396 1033 436 1093 ut
462 1031 520 1094 lea
543 1034 578 1094 et
599 1031 735 1113 pinnae
759 1031 837 1094 eius
860 1032 901 1093 ut
927 1030 1073 1112 aquilae
1102 1034 1137 1094 et
1164 1049 1244 1094 sur-

95 1135 193 1198 rexit
215 1152 233 1197 3
255 1138 356 1198 terra
379 1137 415 1197 et
438 1153 549 1217 supra
571 1135 732 1198 hominis
755 1135 867 1218 pedes
896 1135 1005 1198 stetit
1032 1138 1067 1199 et
1093 1152 1153 1198 cor
1180 1135 1245 1199 ho-

96 1239 207 1302 minis
231 1238 356 1302 datum
379 1242 435 1303 est
458 1240 504 1320 ei,
533 1244 569 1304 et
592 1258 675 1305 ecce
698 1241 773 1304 alia
798 1240 922 1304 bestia
945 1239 1081 1303 similis
1101 1258 1186 1303 urso
1210 1243 1245 1304 et

95 1362 168 1407 una
187 1341 192 1429 Ι
211 1345 317 1426 parte
341 1345 449 1408 stetit
472 1347 507 1408 et
529 1345 601 1409 tria
623 1345 745 1409 latera
767 1345 804 1408 in
824 1362 884 1408 ore
906 1344 984 1408 eius
1009 1348 1044 1408 et
1066 1345 1103 1407 in
1125 1345 1243 1408 medio

55 1449 264 1513 rodentium
288 1448 366 1512 eius
391 1451 426 1512 et
449 1449 588 1514 dictum
616 1453 674 1513 est
700 1450 733 1513 ei
754 1441 880 1534 ‘surge
904 1452 940 1512 31
962 1449 1143 1513 manduca
1166 1467 1246 1512 ear-

96 1572 162 1617 nes
190 1546 417 1633 multorum',
446 1557 481 1617 et
509 1572 592 1617 ecce
621 1554 696 1618 alia
721 1554 845 1618 bestia
872 1556 911 1617 ut
937 1553 1074 1635 pardus
1103 1557 1138 1617 et
1165 1554 1245 1617 3133

98 1659 131 1723 31
154 1661 329 1741 quattuor
350 1658 522 1722 uolucres
547 1662 582 1722 31
608 1662 784 1741 quattuor
807 1659 929 1740 capita
956 1658 1101 1721 bestiae
1125 1661 1161 1722 et
1182 1675 1246 1740 po-

96 1765 217 1827 testas
240 1763 326 1826 data
353 1767 409 1826 est
436 1764 482 1843 ei,
511 1767 546 1828 et
569 1782 652 1827 ecce
676 1764 798 1828 bestia
828 1766 960 1845 quarta
989 1762 1182 1826 horribilis
1212 1766 1247 1826 31

97 1867 334 1932 admirabilis
358 1871 393 1932 et
415 1868 524 1932 fortis
548 1869 789 1933 uehementer
817 1871 853 1932 et
875 1868 1005 1931 dentes
1029 1868 1107 1931 eius
1130 1867 1245 1932 ferrei

55 1990 82 2030 1⁵
97 1976 133 2036 et
155 1990 297 2056 ungues
321 1973 430 2036 aerei.
476 1972 561 2053 Quae
586 1974 690 2037 omnia
712 1973 814 2056 posita
836 1973 868 2036 in
891 1971 1064 2035 uisionibus
1088 1973 1151 2034 suis
1174 1989 1246 2054 pro-

96 2078 179 2141 fetae
201 2077 264 2160 legi
286 2077 325 2141 ab
349 2078 494 2141 omnibus
514 2079 682 2142 uoluerunt
702 2082 733 2142 et
752 2079 911 2142 intellecta
930 2077 1022 2140 uitari
1042 2080 1071 2141 et
1091 2076 1169 2156 iden,
1193 2076 1246 2158 qui

97 2183 158 2249 ista
185 2186 408 2266 cognoscentes
436 2182 509 2264 quid
540 2187 623 2246 esset
653 2183 735 2264 quod
764 2184 906 2267 legerent
936 2199 998 2244 non
1027 2182 1246 2245 intellexerunt

96 2291 194 2368 recte,
218 2305 270 2351 cor
298 2304 405 2351 eorum
434 2287 541 2351 datum
570 2284 849 2373 33113311331131
875 2305 984 2351 carnes
1013 2286 1246 2350 deuorabuntur
1270 2295 1287 2349 9

98 2409 220 2467 eorum3
245 2396 479 2457 euanuerunt
507 2393 603 2455 enim
630 2393 667 2455 in
694 2392 987 2476 cogitationibus
1016 2392 1092 2455 suis
1120 2393 1156 2455 et
1182 2391 1247 2455 ob·

55 2501 287 2562 eoscuratum
310 2500 366 2560 est
388 2497 570 2580 insipiens
598 2514 659 2561 eor
686 2515 812 2561 eorum
840 2501 875 2561 et
902 2497 1070 2561 dicentes
1098 2514 1136 2559 se
1165 2514 1246 2559 esse

97 2603 287 2684 sapientes
311 2603 420 2666 stulti
439 2603 530 2666 facti
546 2606 633 2666 sunt
652 2606 688 2666 et
707 2604 991 2666 inmutauerunt
1010 2602 1168 2684 gloriam
1190 2601 1246 2664 in·

97 2706 356 2789 corruptibilis
387 2707 444 2771 dei
473 2707 510 2770 in
538 2708 825 2772 similitudinem
855 2706 1031 2791 imaginis
1062 2707 1246 2788 corrupti-

96 2811 186 2875 bilis
208 2811 369 2875 hominis
393 2815 429 2876 31
455 2813 648 2876 uolucrum
672 2815 707 2876 et
734 2811 1004 2894 quadripedum
1032 2814 1068 2874 et
1095 2829 1247 2892 serpen·

97 2916 190 2980 tium
218 2918 254 2979 31
280 2916 563 2999 configurantes
594 2935 631 2980 se
661 2916 849 2999 prioribus
879 2916 1115 2999 ignorantiae
1146 2915 1247 2979 uitae

55 3039 82 3079 25
98 3020 296 3084 desideriis
319 3020 352 3083 in
375 3038 412 3084 33
435 3038 513 3102 quae
536 3038 599 3083 non
621 3021 808 3104 intellegunt
829 3020 1013 3084 inciderunt.
1052 3019 1117 3083 Nos
1141 3022 1247 3083 autem

98 3124 231 3187 scientes
254 3124 327 3206 quia
352 3124 411 3189 lex
439 3125 625 3208 spiritalis
654 3128 710 3189 331
737 3129 768 3188 31
795 3125 913 3188 omnis
940 3123 1103 3207 profetia
1129 3124 1247 3188 inter.-

97 3229 333 3312 praetatione
361 3230 517 3313 indiget,
545 3229 697 3294 habentes
721 3228 881 3293 Christum
905 3230 998 3293 deum
1021 3229 1171 3293 insensu
1195 3229 1247 3293 de-

97 3337 349 3414 monstratorem,
381 3332 385 3419 1
415 3355 471 3417 per
506 3353 599 3416 quem
630 3335 724 3398 etiam
755 3335 786 3398 si
816 3335 926 3398 aliter
956 3335 1181 3398 sentiremus
1213 3337 1248 3398 31

203 3559 305 3614 3Dan.
324 3561 450 3624 7‚2-7.
524 3562 555 3616 19
574 3559 679 3617 Roml
706 3562 800 3617 2123.
871 3561 905 3614 24
924 3559 1062 3629 configar]
1086 3559 1108 3612 1.
1127 3558 1198 3612 Petr.
1219 3561 1247 3623 1,

99 3649 139 3702 14.
159 3648 201 3701 22.
273 3648 307 3701 26
329 3646 370 3700 lex
389 3646 485 3716 spirit]
504 3647 581 3701 Rom.
601 3651 624 3711 7,
646 3649 684 3703 14.
761 3647 847 3700 omnis
866 3646 991 3716 profetia]
1010 3647 1047 3700 H.
1065 3646 1137 3700 Petr.
1157 3648 1181 3710 1,
1199 3648 1247 3709 20;

98 3734 266 3789 Bcohiarias
285 3733 325 3787 31.
337 3733 428 3801 Migne
447 3736 566 3798 131320,
585 3734 701 3790 10341.
774 3737 807 3790 28
826 3734 942 3804 Philipp.
961 3736 985 3798 3,
1000 3736 1041 3798 15,
1059 3733 1106 3787 ubi
1124 3733 1152 3786 in
1171 3733 1247 3787 codd,

98 3820 322 3889 Sangermanensi
339 3823 366 3874 31
378 3820 583 3876 Claromontano
603 3838 667 3890 quos
687 3821 810 3876 adhibuit
828 3819 1247 3884 8313131133313131133313311,

336 4038 544 4090 miticensis

141 4103 158 4157 3
178 4110 454 4162 uersarrmmnee
627 4104 658 4157 17
687 4097 815 4161 essere·
831 4100 900 4156 falso
919 4119 949 4155 ex
969 4110 1071 4161 esset
1089 4117 1155 4155 corr.

151 4207 429 4304 quotieeeneroa

98 4296 131 4349 17
152 4286 535 4354 momrmaeiiexenorot
614 4297 647 4348 ac
667 4301 805 4353 ommes
