2896 4808
1199 342 1275 400 XLV

178 521 226 583 De
254 519 298 582 eis
326 518 483 582 codicibus
511 516 672 580 Uaticanis
700 513 746 597 (et
774 512 999 597 Sigiramnensi
1024 523 1083 576 'seu
1110 511 1280 594 81101ςί-

123 624 226 687 ranni
241 623 370 706 codice),
395 623 448 703 qui
469 622 502 685 in
522 620 682 684 ueteribus
705 619 891 683 editionibus
915 619 1126 697 nominantur,
1150 596 1284 681 certiora*

134 728 272 811 proferre
292 744 423 807 nequeo,
447 745 519 788 cum
535 725 611 788 uiris
628 724 737 803 doctis,
758 741 835 805 quos
855 727 890 786 ut
909 723 943 786 in
962 723 1037 786 bibl.
1055 721 1208 786 Uaticana
1229 739 1280 785 eos

135 830 230 894 libros
253 830 481 913 inuestigarent
501 829 650 907 adieram,
674 829 750 891 haec
773 847 822 891 res
847 844 909 891 non
932 827 1009 890 satis
1032 826 1221 907 procederet.
1238 861 1281 868 —

135 936 264 999 Postero
281 935 391 999 editori
407 934 503 998 etiam
519 934 571 996 ille
589 951 682 1014 quem
698 933 840 996 nominat
855 931 1126 1010 Monteialconius,
1143 929 1173 992 b.
1191 929 1221 992 b.
1239 929 1281 1008 ΙΙ,

138 1038 217 1101 1291
236 1039 266 1102 Α
288 1040 367 1103 liber
384 1039 532 1102 ecclesiae
548 1036 780 1100 Bellouacensis
797 1036 957 1099 adeundus
974 1036 1042 1115 erit,
1065 1054 1159 1116 quem
1174 1038 1282 1097 tamen

134 1144 168 1207 in
190 1143 415 1208 recentioribus
439 1142 589 1225 catalogis
613 1159 676 1205 non
699 1141 834 1204 iuuenio.

179 1248 338 1312 Editiones
362 1265 441 1328 quae
462 1247 588 1327 quidem
611 1246 688 1309 mihi
709 1247 833 1328 praesto
851 1249 939 1308 erant
961 1248 1082 1307 ueteres
1106 1262 1177 1306 eum
1200 1243 1282 1306 inter

137 1372 171 1416 se
187 1351 248 1415 nisi
258 1350 352 1415 rebus
366 1350 611 1433 orthographicis
624 1353 655 1412 et
667 1349 917 1431 interpunctione
934 1347 1055 1411 differre
1071 1365 1134 1411 non
1150 1347 1281 1426 soleant,

136 1473 232 1519 unam
262 1454 435 1537 Augustini
464 1454 739 1517 Benedictinorum
773 1452 941 1516 editionem
972 1449 1084 1534 (1688)
1117 1478 1157 1505 =
1188 1449 1220 1515 §o
1249 1451 1281 1512 in

137 1563 288 1642 apparatu
311 1576 380 1622 meo
405 1558 542 1637 adhibui,
567 1561 730 1622 contentus
754 1557 867 1620 addere
891 1575 927 1619 ex
950 1556 1019 1626 alia,
1035 1556 1177 1634 editione,
1202 1573 1281 1635 quae
1342 1599 1343 1602 ,

137 1666 258 1745 prostat
279 1663 312 1725 in
332 1661 489 1727 Gallandii
513 1661 588 1725 bibl.
612 1664 674 1724 uet.
702 1664 782 1742 patr.
807 1659 911 1739 Vllll,
938 1657 999 1720 174
1030 1657 1282 1742 (1111111773),

137 1771 246 1830 notam
258 1767 417 1848 quandam
431 1767 464 1829 in
480 1763 512 1830 11
529 1784 591 1829 non
612 1764 737 1829 obuiam
761 1763 837 1846 (uid.
857 1761 928 1844 155,
952 1762 990 1824 18
1007 1764 1054 1826 ed.
1072 1762 1183 1846 meae).
1208 1762 1283 1827 Gal-

136 1871 279 1935 landium
300 1871 427 1952 repetiit
450 1887 531 1933 anno
551 1867 633 1930 1846
650 1869 769 1951 Migne,
793 1871 872 1951 patr.
889 1869 943 1932 lat.
959 1870 1034 1931 tom.
1053 1866 1105 1947 31,
1122 1867 1179 1930 col.
1199 1863 1280 1928 1211

137 1973 276 2038 -1216,

181 2078 327 2143 Auctoris
362 2096 477 2142 nomen
513 2077 696 2159 simpliciter
730 2076 828 2139 fuisse
860 2074 1019 2156 orosium,
1054 2094 1117 2139 non
1146 2075 1282 2138 Paulum

139 2182 284 2247 Orosium
316 2181 429 2248 asserit
456 2180 568 2260 Gams,
596 2181 669 2244 hist.
695 2181 769 2243 eccl.
793 2180 883 2261 Hisp.
906 2180 948 2260 ΙΙ,
976 2179 1005 2259 2,
1033 2177 1159 2261 patu
1187 2197 1282 2260 quam

138 2307 215 2367 rem,
245 2305 317 2349 cum
343 2286 530 2368 praesertim
557 2284 678 2348 codices
711 2285 773 2347 mei
800 2284 948 2367 probent,
978 2284 1094 2347 uellem
1122 2284 1155 2346 in
1182 2284 1282 2347 titulis

137 2410 167 2472 p.
187 2388 257 2454 149.
274 2387 393 2453 151111.
412 2407 500 2452 meae
517 2389 750 2462 obseruassem3
777 2389 815 2451 11.
833 2392 941 2452 tamen
957 2388 1283 2470 Zangemeisterianae

139 2495 281 2558 editionis
304 2494 412 2557 titulos
437 2496 467 2556 et
480 2497 628 2574 apparat.
654 2493 721 2556 crit.

182 2582 363 2661 Editionum
390 2599 528 2680 priorum
556 2597 693 2680 capitula
721 2596 854 2676 seruaui,
884 2614 1075 2677 quamquam
1102 2596 1135 2659 in
1162 2594 1192 2658 A
1220 2614 1283 2660 non

138 2703 333 2776 indicantur3
373 2702 470 2765 adieci
500 2702 584 2765 locos
615 2701 781 2783 parallelos
812 2719 848 2763 ex
875 2699 1052 2784 Augustino
1082 2700 1213 2781 petitos,
1246 2720 1282 2763 11

139 2807 251 2888 quibus
275 2824 354 2887 quae
378 2804 504 2869 Orosius
531 2806 646 2887 raptim
674 2805 899 2887 conscripserat
929 2803 1005 2886 (uid.
1028 2804 1091 2867 ind.
1119 2823 1177 2867 rer.
1203 2823 1227 2867 s.
1251 2823 1282 2866 u.

139 2909 241 2992 Oros.)
264 2913 382 2991 quanta
405 2909 589 2972 credulitate
609 2907 806 2992 Augustinus
830 2909 984 2991 exceperit
1007 2908 1178 2991 apparebit.

181 3222 293 3286 Restat
309 3225 344 3285 ut
360 3223 476 3304 gratias
499 3240 591 3304 agam
609 3221 663 3301 eis,
688 3223 738 3303 qui
756 3222 788 3284 in
803 3222 862 3285 hac
883 3221 1017 3285 editione
1038 3222 1218 3286 adornanda
1232 3241 1283 3284 me

140 3327 337 3390 adiuuerunt.
361 3327 402 3389 at
412 3326 631 3409 liberalissime
641 3326 889 3408 quidemRegis
902 3326 1084 3388 Bauariae
1097 3325 1283 3391 Summum

139 3431 395 3494 Ministerium
417 3431 569 3512 permisit,
598 3434 634 3494 ut
657 3433 777 3493 aestate
801 3430 874 3493 anni
900 3428 983 3491 1886
1005 3449 1060 3512 per
1083 3430 1129 3493 IV
1159 3448 1283 3493 menses

141 3535 320 3599 scholarum
330 3535 432 3599 officio
447 3534 663 3598 habendarum
680 3535 800 3598 solutus
816 3538 919 3598 totum
935 3554 986 3597 me
1002 3535 1146 3597 dederem
1158 3534 1285 3597 Priscil-

139 3639 250 3702 lianeis
278 3638 403 3712 studiis3
434 3639 522 3702 euius
549 3642 655 3701 tamen
683 3639 739 3702 otii
766 3656 882 3721 magna
910 3657 983 3721 pars
1010 3639 1121 3720 illapso
1152 3639 1230 3701 mihi
1252 3639 1285 3702 in

141 3743 287 3806 morbum
317 3743 419 3826 periit.
466 3741 691 3807 Academiae
722 3743 831 3806 deinde
867 3742 1070 3807 Caesareae
1100 3742 1284 3807 Uindobo-

141 3848 261 3910 nensi
299 3845 474 3910 Guilelmus
510 3847 547 3910 de
584 3847 698 3910 Hartel
736 3849 767 3910 et
802 3845 930 3911 Carolus
969 3845 1104 3911 Schenkl
1142 3850 1283 3911 auctores

141 3951 342 4031 exstiterunt,
377 3954 412 4014 ut
442 3951 475 4014 in
510 3970 616 4014 meum
650 3971 743 4015 usum
773 3954 926 4033 quotquot
955 3969 1031 4034 opus
1063 3954 1130 4014 erat
1164 3951 1284 4014 codices

141 4054 248 4118 biblici
267 4056 491 4120 conferrentur.
518 4055 647 4120 Praeter
667 4073 719 4119 eos
740 4059 845 4119 autem
865 4056 948 4119 uiros
970 4056 1086 4135 doctos,
1111 4074 1187 4136 quos
1211 4073 1285 4118 con-

141 4159 342 4224 ferendorum
364 4159 515 4224 librorum
538 4179 652 4224 munus
677 4161 810 4224 subiisse
830 4179 924 4244 supra
946 4161 980 4224 in
1003 4178 1069 4243 cap.
1093 4160 1142 4223 HI
1165 4162 1197 4222 et
1219 4159 1286 4223 ΙΙΠ

143 4263 217 4344 dixi,
239 4267 328 4347 grato
349 4265 443 4329 etiam
467 4265 572 4329 animo
595 4265 674 4328 mihi
697 4265 818 4329 colendi
842 4268 916 4329 sunt
938 4265 1113 4329 Dietericus
1136 4265 1286 4346 Kerler,
