2896 4808
142 344 184 409 96
609 362 819 416 Priscilliani

141 521 361 585 constituimus
384 522 522 602 incertis,
554 521 778 585 cotidianorum
801 521 834 584 in
857 521 946 585 nobis
976 521 1044 585 fieri
1073 520 1158 584 bella
1189 525 1294 586 certa-

141 625 264 688 minum
280 625 377 689 etiam
393 626 568 708 apostohcis
584 624 714 689 uocibus
731 625 896 689 edocemur
912 626 1034 689 dicente
1050 625 1090 688 ad
1104 643 1162 689 nos
1174 625 1293 690 Paulo:

141 747 224 793 caro
247 731 484 813 concupiscit
507 730 688 793 aduersus
705 730 889 813 spiritum,
914 729 1070 812 spiritus
1093 733 1220 793 antem
1237 731 1293 794 ad-

140 853 272 898 uersus
296 851 458 909 carnem3
490 835 581 898 haec
603 833 766 898 inuicem
789 833 862 897 sibi
885 834 1130 915 altercantur,
1153 838 1196 898 ut
1219 853 1293 899 non

139 956 232 1020 quac
261 939 433 1002 uolumus
464 939 655 1018 faciamus,
687 941 718 1001 et
744 937 817 1019 quia
840 935 844 1022 l
869 939 1025 1002 humanae
1054 939 1292 1022 intellegentiae
1319 972 1331 1011 5

140 1061 251 1107 sensus
285 1045 315 1106 et
344 1043 423 1107 ratio
447 1043 662 1106 communium
689 1043 872 1125 opinionum
902 1060 965 1106 non
989 1043 1097 1106 statim
1128 1045 1294 1125 apostolici

140 1147 292 1211 sermonis
317 1151 348 1212 et
370 1148 513 1212 caelestis
537 1147 658 1212 consilii
680 1165 777 1230 capax
793 1151 886 1228 esset,
910 1148 1110 1229 insequenter
1126 1149 1292 1230 apostolus

139 1252 267 1334 Paulus,
299 1272 353 1318 cur
376 1253 577 1336 peccantibus
601 1253 690 1317 nobis
722 1252 845 1316 deuicta
866 1253 950 1316 uitiis
974 1272 1044 1318 caro
1069 1257 1101 1317 et
1129 1255 1292 1320 humanae

139 1357 223 1420 uitae
248 1358 376 1423 ambitio
399 1357 585 1438 subiaceret,
609 1357 745 1422 ostendit
761 1357 880 1422 diceus:
904 1375 976 1422 non
1000 1362 1056 1422 est
1077 1359 1184 1423 uobis
1210 1377 1292 1423 con-

139 1460 298 1525 luctatio
329 1466 459 1527 contra
493 1481 642 1527 carnem
673 1465 709 1526 et
742 1463 973 1545 sanguinem,
1008 1463 1072 1527 sed
1105 1464 1331 1533 aduersus10

139 1566 328 1649 principes
360 1571 396 1632 et
425 1570 637 1651 potestates
668 1568 795 1630 mundi
822 1568 930 1631 huius
961 1572 1125 1632 rectores
1156 1570 1292 1633 harum

56 1677 114 1732 131
141 1671 395 1753 tenebrarum,
427 1673 607 1736 aduersus
639 1672 828 1755 spiritalia
858 1673 1048 1755 nequitiae
1070 1671 1080 1758 ll
1101 1674 1138 1736 in
1168 1677 1292 1738 caele-

139 1775 276 1851 stibus;
301 1778 382 1841 sicut
405 1781 436 1841 et
457 1777 606 1840 Iohannis
631 1777 688 1840 ait:
712 1777 789 1840 uidi
811 1780 887 1840 tres
909 1777 1065 1859 spiritus
1087 1778 1290 1844 inmundos

138 1882 325 1962 tamquam
356 1885 433 1945 tres
457 1899 567 1945 ranas
601 1884 779 1945 exeuntes
811 1881 853 1944 de
876 1899 937 1945 ore
968 1883 1290 1965 pseudoprofetae

139 1985 238 2048 etde
261 2003 322 2049 ore
341 1986 486 2050 bestiae
507 1986 610 2050 ethii
633 1989 719 2049 sunt
733 1989 810 2049 tres
830 1986 988 2068 spiritus
1006 1987 1290 2052 daemoniorum
1305 2017 1330 2057 ιο

139 2089 200 2170 qui
222 2090 430 2171 procedunt
452 2092 495 2154 ad
518 2090 797 2154 conturbandos
820 2109 927 2173 reges
951 2094 1084 2172 terrae,
1115 2092 1290 2156 etiterum

138 2192 206 2275 ipse
236 2194 339 2257 Dauid
369 2194 442 2277 quid
472 2195 504 2257 in
535 2194 623 2258 nobis
654 2198 809 2283 pugnaret
839 2196 1007 2258 ostendens
1038 2196 1095 2259 ait:
1127 2196 1288 2280 domine,

138 2296 381 2377 iniquitatem
419 2317 537 2361 meam
576 2316 641 2381 ego
676 2317 836 2382 agnosco
875 2303 910 2363 et
947 2300 1126 2363 delictum
1164 2320 1289 2365 meum

139 2403 269 2464 contra
292 2421 347 2465 me
363 2405 421 2466 est
437 2422 594 2486 semper,
619 2407 650 2466 et
666 2404 824 2486 apostolus
848 2404 886 2466 de
903 2420 938 2466 eo
958 2405 1089 2484 loquens
1106 2405 1164 2468 ait:
1188 2407 1288 2470 unde

138 2503 249 2585 bella,
273 2508 369 2571 unde
384 2507 485 2571 rixae
508 2508 545 2571 in
560 2507 690 2570 uobis?
714 2525 834 2571 nonne
851 2508 892 2570 de
913 2508 1178 2572 uoluntatibus
1194 2509 1285 2597 uas-l
1302 2540 1329 2579 20

139 2608 219 2690 tris,
243 2629 335 2692 quae
358 2612 526 2675 militant
544 2613 580 2675 in
597 2612 772 2676 membris
793 2613 955 2675 uestris?
978 2616 1023 2693 ut,
1040 2614 1093 2694 qui
1108 2614 1287 2678 diuinorum

138 2719 376 2797 praeceptorum
399 2717 430 2780 iu
455 2736 488 2780 se
512 2734 588 2799 opus
611 2719 718 2798 uellet,
748 2717 896 2780 uniuersa
918 2717 950 2780 in
974 2738 1008 2781 sc
1030 2718 1178 2781 uitiorum
1200 2720 1288 2784 bella

139 2818 306 2883 deuincens
330 2839 392 2884 non
424 2823 526 2885 solum
549 2823 650 2884 carnis
682 2823 792 2885 sedet
819 2823 1045 2905 cogitationum
1073 2823 1154 2886 idest
1176 2826 1287 2906 spiri-

137 2923 270 2987 talium
301 2925 553 3006 nequitiarum
584 2926 840 3009 concupisccntiis
865 2926 1037 2990 abstineret
1060 2931 1092 2990 et
1117 2928 1285 3010 gentilium

139 3027 327 3093 daemonum
349 3031 381 3093 in
404 3050 438 3094 se
458 3030 612 3094 ueneficia
635 3031 818 3114 despiciens
842 3032 891 3094 cui
913 3031 1033 3095 tributa
1054 3033 1284 3115 peccaminum,
1298 3062 1325 3101 ee

139 3138 187 3201 cui
200 3136 354 3219 stipendia
365 3135 524 3215 uitiorum,
540 3134 589 3198 cui
605 3136 732 3199 timores
749 3135 962 3216 formidinum,
979 3137 1028 3199 cui
1043 3136 1176 3200 honores
1192 3157 1284 3221 prae-

54 3252 114 3307 132
139 3242 329 3308 tereuntium
342 3241 531 3323 dignitatum
548 3241 669 3304 deditus
686 3241 809 3304 saeculo
824 3240 917 3304 homo
934 3240 1072 3322 deberet,
1090 3239 1284 3327 agnoscellret

242 3378 335 3435 3Gal.
350 3382 374 3443 5,
389 3381 428 3434 17.
483 3377 622 3447 sapho,
638 3380 677 3433 12.
732 3378 1031 3446 131p00.1o‚13.14.
1093 3381 1124 3433 11
1143 3379 1187 3432 Pa.
1202 3383 1243 3444 50,
1258 3383 1281 3435 5.

139 3471 171 3524 19
189 3468 279 3531 land,
294 3470 317 3523 1.
388 3468 422 3520 23
441 3466 474 3519 cf.
487 3465 554 3534 Eph.
569 3467 592 3528 6,
608 3467 648 3519 12.

241 3592 257 3644 5
275 3589 415 3657 Hilarius,
434 3589 467 3643 de
484 3589 549 3643 trio.
566 3589 631 3656 VH,
644 3591 680 3641 16
686 3607 694 3640 .·
712 3586 880 3655 Quamquam
892 3587 976 3655 igitur
992 3587 1072 3642 huius
1085 3587 1283 3656 intellegentiae

136 3680 241 3731 nostrae
260 3676 359 3729 iudicia
377 3692 438 3728 cum
456 3675 567 3728 humani
586 3691 677 3728 sensus
696 3675 819 3742 opinione
838 3676 990 3728 communia
1010 3676 1072 3739 sint,
1092 3677 1141 3730 etc.

180 3821 197 3873 8
217 3826 285 3876 cult
305 3816 407 3884 scripsi,
426 3815 496 3869 cod:
517 3797 579 3874 cml
651 3816 682 3870 11
703 3823 913 3899 ροῙΕΞῐΑῖὶἓ,
936 3827 946 3876 1
966 3831 996 3867 en
1012 3827 1019 3875 1
1036 3815 1098 3869 fact.
1173 3819 1205 3871 12
1225 3827 1282 3899 ΝΕ

138 3904 298 4005 qtllillael,
318 3930 366 3981 ΑΕ
385 3921 413 3973 in
432 3936 516 3987 marg.
530 3920 637 3986 eiusque
656 3919 709 3973 litt.
728 3929 748 3980 ε
765 3936 904 3989 perperam
923 3919 969 3974 lin.
990 3919 1040 3973 del.
1096 3922 1129 3975 14
1142 3911 1280 4005 pseubo

136 4089 284 4165 profete
391 4080 423 4134 19
442 4034 565 4159 sineri,
587 4076 672 4134 uun.
692 4079 719 4130 ec
736 4079 836 4146 puncto
855 4076 905 4130 cer.
1011 4079 1046 4132 ao
1066 4069 1228 4145 column]
1246 4077 1279 4131 cf.

136 4201 217 4254 supra
233 4201 259 4254 p.
274 4187 315 4248 63,
330 4187 362 4239 17
440 4185 474 4237 25
494 4190 698 4263 ὃΕΝΕῙΙΕΙΑ,
724 4182 757 4236 cf.
770 4200 796 4252 p.
809 4184 851 4246 21,
865 4184 881 4236 3
962 4165 1197 4266 disputanda,
1220 4194 1230 4242 1
1250 4198 1281 4234 ex

138 4301 145 4348 1
166 4305 241 4353 corr,
260 4288 321 4342 ante
342 4300 373 4346 Ν
396 4303 459 4340 eras.
482 4298 489 4345 1
576 4288 608 4341 27
628 4286 904 4365 ΑςΝοΞΕΕΗΚΕΕῙ,
926 4285 958 4340 cf.
973 4289 1014 4350 52,
1029 4289 1059 4342 11
1080 4287 1133 4354 (60,
1146 4287 1181 4357 5).
