2896 4808
202 345 245 410 54
666 361 878 416 Priscilliani

203 521 422 585 habitaculum
446 521 582 605 corperis
605 521 744 604 patuisse
768 525 834 585 tam
863 522 979 586 sterilis
1011 522 1193 585 aestimator
1224 526 1282 601 est,
1313 524 1351 585 ut

203 630 294 710 putet
318 644 379 689 non
403 626 436 689 in
460 644 585 689 emnem
609 629 725 689 terram
749 626 849 707 adque
873 627 905 690 in
929 645 1055 690 ornnem
1071 626 1232 690 hominem
1249 627 1350 689 diuini

204 750 315 794 sensus
333 734 453 794 secreta
469 731 632 810 clamasse,
649 749 720 794 cum
738 731 891 794 scribtum
908 731 963 794 sit:
985 732 1104 794 omnis
1120 732 1251 814 lingua
1266 749 1351 794 con-

204 837 364 899 fiteatur
383 835 558 916 quoniam
578 834 750 899 dominus
767 836 874 898 Iesus
890 836 927 899 in
947 836 1107 919 gloriam
1128 835 1185 899 dei
1205 835 1350 918 patris?

247 940 288 1003 lit
321 940 401 1020 ideo,
433 938 565 1020 quilibet
595 939 647 1003 ille
679 941 720 1004 sit
750 941 802 1022 qui
833 941 910 1004 haec
945 944 1049 1024 neget,
1082 958 1139 1024 ege
1170 943 1253 1004 certe
1285 942 1349 1004 scie
1377 965 1390 1005 s

205 1044 286 1126 quod
321 1044 387 1107 eius
423 1043 580 1127 pharisaei
616 1044 746 1127 recipiet
779 1045 955 1108 mercedem
990 1045 1043 1126 qui
1078 1045 1264 1108 adueniente
1294 1045 1350 1108 do-

205 1150 300 1229 mine,
334 1168 405 1212 cum
437 1149 556 1213 emnis
589 1148 700 1213 turba
731 1169 804 1213 cum
835 1151 985 1233 apostolis
1016 1151 1124 1214 iuncta
1154 1150 1349 1213 clamaret:

205 1259 370 1333 osanna,
395 1271 537 1317 osanna
558 1254 596 1317 in
619 1254 750 1334 caelis,
774 1253 997 1319 benedictus
1022 1255 1085 1336 qui
1107 1255 1213 1318 uenit
1235 1254 1272 1318 in
1289 1272 1350 1317 no-

204 1359 302 1422 mine
330 1358 490 1439 demini',
515 1359 654 1440 corripi
678 1362 849 1441 oportere
873 1378 933 1423 eos
961 1359 1056 1423 dixit
1087 1359 1141 1440 qui
1168 1362 1234 1422 tam
1257 1358 1350 1422 indu-

205 1463 342 1527 bitanter
365 1463 540 1546 praesentis
564 1463 613 1526 dei
633 1460 637 1547 Ι
657 1463 772 1546 glorias
797 1481 859 1528 non
883 1461 1040 1527 tacebant.
1080 1462 1140 1528 Sed
1167 1463 1273 1526 uideat
1295 1463 1350 1544 qui
1364 1489 1390 1526 1o

206 1567 385 1631 huiusmodi
420 1570 467 1630 est
502 1567 617 1631 dixisse
648 1568 826 1632 deminum:
864 1569 1016 1632 etiarnsi
1048 1569 1114 1632 isti
1148 1568 1349 1648 tacuerint,

204 1672 349 1755 lapides
373 1670 604 1752 clamabunt,
628 1676 660 1737 et
682 1673 847 1756 intellegat
874 1673 1032 1754 queniam,
1057 1673 1084 1736 si
1108 1672 1224 1736 duritia
1246 1675 1350 1754 petra-

205 1796 276 1840 rum
307 1778 492 1841 naturaliter
522 1781 722 1861 praemortua
750 1777 789 1840 ad
820 1778 957 1841 dandum
988 1777 1205 1841 testimonium
1237 1777 1293 1840 dee
1317 1777 1349 1840 in

206 1900 299 1944 usum
323 1881 454 1945 humani
478 1883 632 1946 sermonis
656 1883 824 1963 animatur,
854 1882 1007 1964 quomodo
1033 1886 1214 1946 sanctorum
1241 1881 1351 1964 lingua

206 1986 416 2068 praecluditur
447 2004 526 2067 quae
554 1987 593 2050 ad
616 1986 828 2050 confitendum
852 1990 883 2050 et
907 1990 1017 2069 suapte
1045 1990 1158 2050 natura
1185 1989 1216 2049 et
1243 1985 1350 2049 diuina
1364 2011 1390 2049 15

206 2091 309 2174 gratia
323 2094 530 2174 perurgetur?
554 2089 585 2155 Si
606 2092 690 2155 enim
713 2091 848 2175 gentiles
871 2092 995 2155 animae
1017 2093 1171 2155 idolorum
1194 2091 1303 2154 formis
1321 2095 1351 2155 et

207 2195 404 2258 caerimoniis
428 2195 585 2278 inpeditae
609 2196 716 2259 auium
732 2200 893 2279 praepetes
910 2197 1061 2260 transitus
1078 2199 1110 2260 ct
1129 2196 1233 2259 dedita
1248 2196 1350 2259 uentis

207 2299 320 2363 itinera
346 2299 514 2382 pinnarum
543 2300 632 2363 uelut
654 2300 693 2363 ad
723 2302 964 2383 praescientiam
988 2301 1086 2364 futuri
1112 2304 1283 2383 prouentus
1305 2301 1351 2363 le-

146 2409 181 2461 71
208 2406 345 2485 quuntur
375 2407 406 2466 et
437 2406 578 2467 exterum
608 2423 706 2468 uenas
731 2405 922 2469 animatione
945 2402 1068 2490 terllreni
1093 2405 1220 2487 spiritus
1251 2405 1351 2487 palpi-

208 2512 322 2588 tanteS,
347 2508 422 2571 dum
437 2508 532 2571 fidem
548 2508 753 2573 daemonibus
778 2510 863 2590 dant,
887 2511 1038 2573 moritura
1061 2513 1131 2592 post
1154 2512 1352 2573 momentum
1368 2543 1394 2581 20

209 2612 395 2677 animalium
424 2613 545 2676 uiscera
573 2614 679 2677 lutura
709 2614 930 2696 praenuntiare
959 2613 1147 2677 confirmant
1170 2617 1201 2677 et
1225 2614 1262 2676 de
1285 2614 1353 2676 uita

208 2720 348 2781 mertuos
376 2721 488 2800 regant
516 2718 685 2781 dicentes
713 2719 832 2801 lapidi
863 2720 992 2802 ‘surge'
1017 2721 1052 2781 et
1074 2718 1177 2801 ligno
1203 2717 1351 2800 ‘uigila,'

209 2823 315 2904 sicque
339 2823 539 2906 sacrilegium
563 2822 601 2885 ab
633 2823 683 2886 his
708 2823 847 2886 studium
878 2823 1001 2903 dicitur,
1024 2823 1170 2905 inperitia
1199 2821 1354 2904 sapientia

209 2931 408 3010 nuncupatur
440 2927 653 2991 nescientibus
687 2928 736 2992 his
768 2946 838 2992 non
870 2929 935 2991 deo
967 2947 1004 2990 se
1036 2928 1256 2991 sacrificare
1290 2927 1353 2989 sed

210 3032 395 3096 daemoni:
419 3032 452 3095 in
475 3049 535 3112 quo
561 3031 588 3095 si
611 3031 726 3096 talibus
750 3033 833 3116 apud
856 3052 889 3096 se
912 3032 1012 3116 gloria
1036 3035 1093 3112 est,
1117 3031 1271 3113 quomode
1295 3047 1352 3094 nes
1368 3063 1393 3101 25

211 3137 333 3200 diuinas
365 3139 545 3200 sanctorum
575 3137 753 3219 respuimus
785 3137 1009 3220 prolatationes
1041 3139 1082 3216 et,
1118 3137 1193 3200 dum
1229 3135 1354 3199 oboedi-

210 3260 280 3304 mus
312 3239 529 3305 uoluntatibus
560 3241 686 3322 nustria,
718 3241 767 3305 his
799 3242 852 3323 qui
885 3242 978 3304 deum
1012 3240 1238 3324 profetauerint
1271 3240 1354 3303 inui-

210 3346 320 3409 demus
336 3344 550 3426 relinquentes
567 3346 738 3428 apostolica
753 3350 920 3429 praecepta
940 3346 1090 3409 dicentia:
1115 3345 1276 3428 spiritus
1294 3362 1354 3408 no-

210 3451 278 3514 lite
295 3451 525 3533 extinguere,
541 3447 740 3535 lprofetias
757 3450 876 3514 nolite
892 3451 1113 3533 repudiare?
1130 3449 1171 3514 llt
1185 3450 1264 3530 ideo,
1281 3449 1355 3530 quia

315 3666 543 3735 3Philipp.2,11.
599 3665 1083 3731 7cf.Luc.1e,37-39;matthane.
1139 3669 1170 3721 11
1184 3665 1248 3718 Luc.
1261 3667 1300 3729 19,
1310 3667 1353 3720 lo.

212 3757 246 3810 22
264 3754 364 3808 Habac.
378 3757 402 3818 2,
418 3756 457 3809 19.
531 3756 564 3808 24
583 3752 617 3807 cf.
630 3753 652 3807 Ι.
668 3753 727 3808 Cer.
743 3756 782 3818 10,
796 3756 838 3808 20.
909 3757 943 3809 28
961 3753 982 3806 I.
998 3752 1088 3806 Thess.
1103 3756 1127 3816 5,
1142 3756 1182 3809 19.
1196 3755 1237 3807 20.

257 3958 269 4012 1
289 3942 592 4040 putuisse‘euum,
614 3953 721 4013 crinea
734 3956 879 4023 eupuncte,
902 3965 908 4012 ι
929 3954 957 4007 in
978 3963 1053 4012 rum
1071 3952 1149 4006 lineis
1164 3952 1214 4006 del.
1279 3963 1356 4040 stup

500 4067 579 4117 υῖετ

211 4122 313 4220 Lllllle
388 4069 678 4212 aeudeaereeee',
700 4126 961 4210 quaelineisdel.
1041 4085 1177 4209 equit,
1204 4127 1355 4185 lliudel.

215 4291 247 4343 10
268 4276 430 4347 υΙδίΑΝῑ
502 4288 532 4342 15
552 4240 715 4368 Sudplde
787 4287 820 4339 23
839 4284 973 4367 Sitque]
986 4283 1060 4338 nolui
1078 4288 1183 4338 mutare
1201 4285 1229 4338 in
1248 4294 1356 4370 suque
