2896 4808
146 359 186 422 78
613 374 820 429 Priscilliani

146 534 230 598 hunc
254 553 322 598 esse
346 535 483 617 primum
506 553 649 598 mensem
673 539 704 598 et
727 535 809 597 diem
833 539 985 615 nostrum,
1010 551 1072 597 non
1096 534 1128 597 in
1153 553 1216 617 quo
1242 553 1297 616 ap-

146 658 292 722 paremus
315 640 348 703 in
371 640 542 719 saeculum,
566 639 675 702 sedin
699 656 760 720 quo
784 638 905 702 deuicto
925 637 1071 722 Aegypto
1094 639 1176 703 idest
1200 658 1296 721 repu-

147 743 230 807 diato
261 744 377 807 mundo
409 743 516 807 diuina
539 744 570 807 in
602 743 695 807 deum
726 744 890 806 natiuit-ate
921 761 1113 826 reparamur.
1153 743 1296 807 Adtendi

147 852 252 911 autem
267 849 386 911 lunaris
409 848 478 911 ideo
494 866 602 911 cursus
619 848 752 928 iubetur,
776 866 838 911 non
862 851 897 911 ut
912 849 944 911 in
968 866 1004 911 eo
1020 846 1197 911 obseruatio
1223 848 1296 911 reli-

146 953 247 1035 gionis
272 953 321 1033 sit,
346 954 410 1033 sed,
435 953 508 1035 quia
530 953 562 1016 in
587 971 623 1016 ea
646 971 725 1034 quae
748 952 895 1016 uidentur
918 954 1019 1017 omnis
1043 953 1137 1015 homo
1158 953 1295 1016 uincitur
1321 974 1332 1013 5

147 1061 178 1120 et
207 1076 360 1140 germana
391 1058 573 1121 aelementis
605 1075 675 1121 caro
707 1057 816 1121 diebus
848 1061 879 1120 et
909 1055 1111 1142 temlporibus
1147 1057 1297 1140 oblegata

146 1165 282 1226 rectores
299 1162 382 1226 orbis
405 1166 560 1226 terrarum
577 1162 649 1226 deos
671 1163 827 1241 aestimat,
851 1162 1028 1226 necessario
1046 1162 1295 1226 aelementorum

147 1266 384 1330 circumscribta
412 1286 468 1350 per
492 1267 585 1331 deum
616 1267 740 1330 numeri
769 1266 971 1350 intellegatur
1001 1269 1115 1329 natura
1138 1269 1178 1346 et,
1211 1267 1295 1348 quod

148 1372 300 1436 minuitur
320 1375 374 1436 aut
393 1372 514 1452 crescit,
535 1372 673 1454 primum
688 1371 854 1455 potestatis
871 1390 945 1434 suae
962 1389 1024 1435 non
1041 1390 1110 1434 esse
1125 1372 1295 1435 credantur

148 1494 228 1557 quae
251 1477 419 1541 uoluntarii
442 1477 544 1560 operis
576 1495 638 1540 non
662 1477 780 1541 habent
801 1477 992 1557 libertatem,
1022 1480 1095 1558 post
1118 1477 1294 1558 sapientiae
1310 1497 1332 1534 ιο

147 1581 315 1645 saecularis
338 1582 535 1646 institutione
555 1582 671 1646 reiecta
686 1599 812 1665 corpore
829 1583 935 1645 anima
952 1585 983 1645 et
999 1581 1111 1663 spiritu
1130 1582 1163 1643 in
1180 1580 1294 1662 quibus

147 1686 240 1750 homo
266 1687 401 1750 uincitur
428 1686 562 1750 triformi
590 1687 728 1769 decalogi
751 1687 783 1749 in
806 1685 895 1750 nobis
918 1687 988 1769 lege
1011 1687 1155 1767 reparata
1174 1685 1294 1748 mensis

65 1798 123 1852 106
148 1790 203 1854 fiat
233 1791 350 1855 domini
383 1793 415 1855 et
445 1792 593 1855 natiuitas
624 1794 764 1873 tempore
787 1788 796 1875 ll
818 1789 1054 1853 circumscribis
1086 1790 1233 1852 uincetur
1261 1791 1295 1853 in

147 1895 248 1975 nobis,
265 1896 422 1977 quoniam,
440 1897 521 1959 sicut
536 1895 688 1958 scribtum
705 1899 769 1975 est,·
780 1894 1001 1958 constitutis
1017 1895 1184 1957 terminis
1206 1913 1295 1977 gen-

147 2000 242 2063 tium
264 2001 470 2065 secundum
493 2017 665 2063 numeros
690 2000 919 2082 angelorum,
944 2017 1015 2061 cum
1039 1999 1156 2062 decada
1175 1999 1295 2062 saeculi
1310 2018 1333 2056 15

147 2104 295 2185 uincitur,
327 2105 500 2168 dominicae
524 2104 657 2168 decadae
681 2103 831 2167 mandata
857 2106 1054 2186 reparantur,
1079 2106 1109 2166 et
1138 2103 1211 2166 inde
1236 2106 1294 2183 est,

147 2209 230 2290 quod
252 2210 284 2272 in
315 2209 463 2292 mysterio
496 2209 614 2272 domini
645 2212 700 2272 aut
722 2208 860 2272 decimae
891 2208 1050 2271 fructuum
1080 2210 1231 2290 petuntur
1261 2208 1295 2271 in

146 2314 216 2396 lege
233 2317 288 2377 aut
310 2313 343 2376 in
359 2314 511 2377 uincendo
527 2313 672 2396 Aegypto
689 2313 728 2376 ad
743 2312 995 2396 praeparandum
1018 2313 1135 2394 paseha
1151 2312 1294 2375 mensis

148 2418 289 2481 decima
304 2419 491 2500 postulatur,
508 2418 657 2499 quoniam
673 2417 726 2498 qui
742 2418 774 2480 in
790 2416 891 2480 tribus
907 2419 1018 2498 potens
1034 2417 1159 2479 initium
1176 2415 1296 2478 medie-

147 2526 245 2586 tatem
269 2526 300 2586 et
315 2523 619 2587 consummationem
643 2522 752 2585 mundi
767 2522 798 2584 in
823 2541 856 2584 se
880 2521 1035 2603 operantis
1060 2517 1207 2606 evicelrit
1231 2539 1295 2584 non
1310 2542 1335 2580 eo

148 2630 182 2689 ut
198 2627 396 2710 oblegaretur
411 2631 552 2710 tempore
568 2627 694 2691 uenisse
710 2646 754 2706 se,
779 2627 833 2689 sed
850 2629 884 2688 ut
899 2625 1038 2688 uinceret
1052 2626 1247 2707 recognoscit
1265 2628 1297 2688 et

148 2732 276 2795 credens
294 2733 429 2796 aeternis
448 2731 699 2814 intemporaloilis
715 2731 816 2794 factus
833 2730 988 2812 intellegit
1004 2730 1085 2810 quod
1102 2746 1194 2792 omne
1212 2729 1296 2810 quod

149 2837 194 2900 sol
219 2836 279 2899 diei
306 2837 382 2900 luna
404 2837 487 2901 nocti
510 2836 662 2899 minuitur
685 2838 740 2898 aut
763 2835 874 2898 crescit
897 2851 959 2897 non
982 2834 1139 2916 inperium
1162 2833 1296 2915 captiui-

148 2941 221 3004 tatis
244 2944 380 3021 nostrae,
411 2941 466 3004 sed
489 2939 656 3023 operabilis
684 2939 863 3003 constitutio
887 2939 927 3001 sit
958 2940 1096 3016 naturae,
1127 2940 1295 3018 totumque

148 3045 231 3126 quod
253 3045 390 3108 uiximus
413 3045 644 3109 reuertentibus
668 3044 756 3108 nobis
781 3044 820 3107 ad
842 3062 940 3126 genus
965 3046 1107 3106 nostrum
1130 3042 1295 3106 uocabitur
1310 3064 1336 3103 rs

147 3151 264 3232 pascha
280 3151 405 3230 domini,
422 3169 484 3214 non
501 3168 578 3232 opus
595 3150 713 3228 mundi,
736 3150 816 3212 sicut
832 3148 981 3211 scribtum
999 3151 1060 3210 est:
1086 3165 1150 3229 ego
1167 3148 1297 3209 creaui

149 3273 291 3318 omnem
315 3255 491 3318 militiam
515 3255 610 3318 caeli
634 3257 670 3318 et
692 3273 763 3317 non
786 3253 890 3332 iussi,
921 3256 961 3314 ut
983 3251 1192 3315 adoraretis
1217 3252 1258 3314 ei.
1288 3250 1297 3336 ll

255 3439 286 3490 14
305 3437 382 3489 Deut.
401 3439 442 3498 32,
459 3439 482 3490 8.
592 3438 623 3489 18
642 3434 723 3487 Errod.
744 3436 813 3496 lae
832 3433 856 3501 (I
865 3433 922 3484 ala:
947 3432 1049 3484 decimi
1071 3432 1176 3493 mensis,
1200 3431 1295 3499 Uulg.:

150 3523 251 3577 decima
270 3523 311 3576 die
331 3523 447 3590 mensis).
520 3525 553 3576 26
571 3522 728 3584 Hos.13,⁴l.

192 3712 208 3762 2
237 3689 556 3789 δΕυΙΕῙΟΙΑΕ(;ΥῙ)ῐο41
587 3705 677 3759 uocab.
707 3714 786 3775 Αες·
816 3704 910 3756 minor.
933 3703 985 3756 litt.
1010 3703 1099 3770 script.
1209 3707 1224 3757 5
1250 3693 1294 3763 bo

151 3821 356 3943 ωιὲὲῐῖωῐῳὸ
368 3881 482 3933 conicias
494 3889 675 3941 Numerus
721 3881 753 3932 12
764 3859 961 3951 δΕΕΑΕΙΙΟςΙ,
975 3877 1041 3944 c(in
1052 3893 1143 3929 uersus
1153 3877 1216 3945 fine)
1227 3893 1294 3930 orus.

150 4044 183 4095 ao
204 4019 606 4127 corospomloojauoroeco
689 3992 1060 4118 aresiro'pecgarousm
1077 4036 1103 4086 et
1123 4043 1161 4092 cc
1176 4050 1226 4086 ras,
1242 4034 1293 4086 uer.

195 4157 237 4204 eil
245 4126 388 4232 lcfieilili,
399 4145 460 4211 post
472 4152 605 4220 eume,
618 4142 692 4195 cuius
703 4141 826 4194 ultimam
837 4139 956 4192 litteram
969 4139 1099 4206 posterior
1109 4154 1204 4190 uranus
1218 4139 1294 4191 addi-

150 4302 219 4355 disse
228 4302 344 4370 uidctur,
354 4304 433 4355 uacat
443 4301 558 4370 spatium
569 4300 651 4353 trium
661 4299 704 4351 uel
714 4301 841 4365 quattuor
850 4298 999 4351 litterarum
1036 4300 1069 4351 23
1082 4253 1291 4355 [υΝΑΕΝοΕῐΙ
